3254 5158
780 431 992 498 -36..

314 583 428 669 'liciter
460 617 493 667 ut
525 607 674 688 pleraque
707 608 740 665 in
775 605 961 666 Callimacho
994 604 1218 666 Valckenarius
1252 606 1330 683 eleg.
1365 606 1444 684 frgg.

164 759 177 786 ,
237 757 239 763 .
328 731 360 789 p.
384 720 435 772 215
458 710 536 769 baec
558 709 714 788 copulavit
736 708 943 767 confidenter:

523 813 715 904 μέμβλειοδ
739 818 926 901 εἰσπνήλαις,
949 813 1058 882 ὁππότε
1080 823 1189 901 κοῦρος
1211 819 1271 882 ἴοι·

479 923 583 986 πολλοί
605 923 656 985 καὶ
680 923 829 1002 φιλέοντες
847 916 1002 984 Ἀκόντιον
1023 909 1103 1000 ἧκαν
1124 921 1208 1002 ἔραζε

523 1020 677 1086 οἰνοπόται
699 1022 826 1097 Σικελός
848 1021 880 1084 ἔκ
903 1024 1031 1084 κυλίκων
1053 1018 1189 1104 λόιαγας.

330 1164 414 1245 quod
437 1184 528 1244 quam
549 1163 628 1223 falso
650 1163 705 1222 ille
728 1162 837 1220 fecerit
859 1169 984 1240 praeter
1006 1169 1110 1220 cetera
1123 1162 1213 1220 trium
1228 1159 1444 1220 vocabulorum

329 1265 463 1324 accessio
487 1283 569 1322 nunc
592 1263 703 1322 docere
726 1259 873 1342 potost1).
913 1261 995 1342 quod
1025 1271 1126 1321 autem
1155 1260 1196 1319 ad
1219 1260 1332 1320 cottabi
1353 1261 1443 1320 ratio·

328 1386 414 1439 nem,
438 1365 532 1424 adeas
555 1362 731 1423 Iakobsium
752 1383 847 1425 verm.
871 1363 956 1424 Schr.
978 1362 1026 1423 VI
1045 1383 1077 1441 p.
1096 1372 1143 1426 107
1166 1383 1246 1443 sqq„
1273 1362 1445 1422 Beckerum

330 1465 461 1526 Charicl.
484 1467 519 1524 II
540 1484 571 1543 p.
594 1473 645 1526 295
668 1485 738 1544 sqq.

412 1567 455 1625 At
476 1566 607 1624 iuvenes
628 1564 743 1624 Aconti
772 1563 971 1624 admiratores
994 1584 1057 1622 non
1079 1564 1177 1623 solum
1204 1565 1354 1642 gregatim
1376 1583 1444 1622 eum

328 1666 537 1749 sequebantur
559 1666 710 1739 intuituri,
740 1666 764 1724 si
794 1664 953 1744 prodibat,
984 1674 1078 1744 atque
1108 1665 1228 1725 cottabo
1253 1666 1291 1725 de
1315 1664 1444 1723 absente

329 1767 489 1828 certabant
518 1767 678 1839 amatorie,
712 1764 769 1824 sed
797 1767 978 1846 frequentes
1008 1767 1099 1825 etiam
1128 1754 1177 1823 διό
1202 1765 1289 1824 τοῦτο
1316 1753 1350 1823 τό
1378 1762 1445 1822 λίαν

329 1857 472 1944 ἐρωτικόν
493 1869 555 1936 τοῖς
578 1863 670 1941 ἴχνεσι
692 1864 746 1923 τοῦ
768 1864 923 1943 μειρακίον
945 1855 1014 1936 νοός
1029 1861 1143 1924 tauron
1158 1860 1326 1946 ἐφήρμοζον
1341 1857 1443 1936 πόδας.

330 1971 378 2028 cui
407 1967 544 2028 desideri
571 1967 708 2025 fomento
739 1975 770 2025 et
796 1986 871 2026 vero
905 1969 1093 2038 nutrimento
1121 1968 1344 2028 Valckenarius
1373 1967 1394 2025 l.
1418 1987 1443 2024 c.

331 2092 363 2150 p.
379 2079 431 2132 216
448 2089 516 2127 eum
539 2076 696 2147 comparat
718 2069 884 2127 amantium
906 2089 1001 2142 usum,
1027 2089 1086 2148 quo
1109 2069 1193 2128 idem
1214 2070 1355 2148 poculum
1377 2068 1445 2126 uni-

328 2191 404 2230 usve
438 2169 540 2249 poculi
574 2168 705 2226 eandem
737 2177 857 2247 partem
890 2167 982 2229 labris
1014 2171 1076 2229 suis
1109 2170 1269 2249 premebat
1304 2178 1443 2248 uterque,

330 2273 432 2352 quode
455 2271 494 2329 cf.
517 2269 686 2328 Bccharum
710 2267 841 2328 Charicl.
864 2272 881 2329 Ι
903 2291 934 2349 p.
957 2277 991 2332 66
1006 2291 1052 2351 sq.
1074 2292 1105 2349 p.
1121 2281 1183 2334 331.
1212 2291 1318 2330 verum
1339 2282 1443 2330 tamen

332 2372 415 2453 quod
448 2391 572 2451 prorsus
602 2372 792 2449 conspiraret
824 2391 891 2430 cum
919 2371 1143 2431 Aristaeneteis
1173 2372 1289 2431 nullum
1310 2371 1364 2430 ille
1391 2371 1444 2430 ha-

329 2474 395 2533 buit
420 2472 606 2551 cxemplum,
637 2480 668 2530 et
695 2473 777 2530 inter
798 2472 860 2530 alia
881 2473 966 2531 nullo
989 2482 1080 2552 pacto
1102 2474 1162 2532 buc
1184 2474 1330 2532 facientia
1351 2493 1444 2532 unum

333 2573 555 2634 Boissonadius
584 2572 626 2630 ad
655 2573 811 2632 Aristaeo.
840 2594 871 2652 p.
895 2582 961 2647 360,
991 2575 1143 2652 Meleagri
1170 2573 1267 2634 verba
1295 2574 1379 2634 anth.
1407 2573 1443 2632 P.

284 2692 287 2698 '
328 2677 396 2736 XII
416 2683 460 2750 84,
483 2687 517 2738 5:

399 2859 403 2866 ¹
454 2792 550 2870 βαίνω
572 2782 600 2849 δ’
625 2790 707 2868 ἴχνος
728 2785 779 2850 ἐπ’
803 2789 895 2868 ἴχνος.

329 2939 361 2988 at
382 2928 487 3008 paullo
512 2927 686 2987 evidentior
709 2929 801 2987 etiam
826 2928 903 2988 alius
925 2928 985 2988 loci
1008 2937 1055 2988 est
1080 2929 1263 3002 similitudo,
1293 2949 1384 3009 quem
1406 2950 1445 2989 ex

328 3033 398 3110 ipsa
420 3025 568 3109 Cydippe
590 3028 682 3088 credo
704 3029 900 3103 translatum,
923 3030 1028 3089 Nonn.
1050 3030 1145 3089 Dion.
1166 3031 1261 3090 XLII
1282 3039 1317 3093 54
1337 3051 1402 3112 sq:

434 3159 485 3222 aul
508 3153 621 3241 Βερόιχς
641 3151 824 3240 μειρηδδν
845 3151 896 3221 ἐπ’
923 3161 1073 3238 ἴχνεσιν
1095 3160 1199 3240 ἴχνος
1222 3159 1390 3244 ἐρείδων,

434 3254 560 3340 οἷοίπερ
582 3255 743 3357 dypticum}
765 3259 1017 3342 περιδίδρομενῖ).

330 3408 423 3479 atque
446 3398 571 3457 omnino
594 3399 626 3457 in
650 3399 710 3472 eis,
736 3399 844 3478 quibus
866 3400 997 3458 Nonnus
1020 3401 1109 3478 ignes
1134 3399 1287 3459 describit*
1300 3401 1442 3479 Dionyso

330 3520 349 3557 a
363 3500 464 3559 Beroa
480 3507 662 3578 conceptos,
685 3519 779 3558 unum
801 3501 969 3559 alterumve
992 3502 1095 3560 lumen
1117 3509 1210 3580 atque
1233 3509 1444 3560 ornamentum

329 3600 368 3658 ab
390 3600 589 3659 Aristaeneto
612 3601 753 3660 omissum
776 3621 793 3660 e
817 3600 997 3661 Callimachi
1020 3601 1168 3682 Cydippe
1190 3603 1281 3662 facile
1303 3611 1445 3681 superest

331 3701 544 3780 depromptum
555 3696 593 3779 ³).

413 3805 452 3862 In
479 3803 562 3863 hunc
588 3804 681 3882 igitur
709 3805 972 3865 adulescentulum
996 3804 1161 3885 Cupido,
1198 3825 1289 3885 quam
1321 3813 1445 3883 poterat

328 3904 516 3964 validissime
539 3925 640 3965 arcum
661 3906 806 3966 intendit.
851 3903 911 3965 ἔδει
932 3896 989 3984 γὰρ
1010 3893 1061 3963 τόν
1089 3896 1181 3964 καλόν
1207 3899 1363 3976 τοσοότονς
1386 3924 1443 3962 τε·

398 4119 417 4185 ¹)
436 4120 580 4171 Infelicior
597 4121 682 4170 etiam
699 4121 899 4188 Hertzbergins
916 4123 1022 4174 Ztschr.
1041 4123 1061 4175 f.
1079 4124 1112 4174 A.
1131 4124 1196 4174 1847
1214 4140 1241 4189 p.
1260 4125 1319 4174 139.

396 4203 417 4270 ²)
436 4206 482 4255 lta
500 4205 604 4255 correxi
617 4204 689 4270 quod
705 4204 787 4270 vulgo
805 4205 909 4271 legitur
926 4199 976 4269 οίοί
993 4223 1046 4272 περ
1063 4197 1215 4271 οἶχνοόσσων
1227 4198 1443 4271 περιδέδρομεν,

395 4287 417 4354 ⁸)
435 4290 493 4341 Nec
516 4287 605 4340 minus
628 4287 828 4340 Callimachum
856 4291 1002 4356 insigniter
1028 4293 1159 4342 decerent
1184 4306 1278 4341 eorum
1301 4289 1444 4356 nonnulla,

329 4374 426 4440 quibus
443 4373 564 4424 Morrhei
583 4389 689 4425 amores
707 4378 855 4425 narrantur
872 4374 954 4424 Dion.
973 4377 1092 4426 XXXIII
1111 4379 1159 4427 180
1177 4389 1236 4439 sqq.
