3284 5158
726 425 956 489 β-16Ο’-

220 600 269 650 125
286 595 378 665 λέγειν
401 613 435 649 ου
460 590 602 663 δύναμαι,
628 595 658 648 τί
678 585 745 647 ποτ’
762 585 800 646 άν
819 590 935 648 ἔλαττον
953 591 1078 662 θέλοιμι.
1114 596 1318 664 κατατείνομαι
1336 600 1405 649 πολ-

286 678 381 746 λάκις,
406 671 449 733 ότι
468 695 512 733 σοι
530 680 581 734 τοῦ
599 671 699 748 άλγεῖν
717 676 809 740 αἴτιός
829 678 887 747 εἰμι
906 679 959 731 καί
975 695 1005 732 σε
1023 680 1058 748 τῇ
1081 675 1136 748 ἐμή
1153 681 1268 748 μηχανῇ
1285 674 1402 748 βλάπτε-

286 767 357 818 σθαι
376 766 489 832 οἰομαι,
514 763 555 824 εἰς
577 759 630 832 τήν
653 756 725 831 ἐμὴν
743 757 770 815 δ’
791 758 908 816 ἰκετεάω
925 759 1055 831 κεφαλήν
1073 760 1172 831 αἰτῇς
1191 763 1345 831 δεσποίνης
1363 762 1403 819 έλ-

286 852 372 903 θοιεν
389 848 572 916 ψευδορκίαι,
598 849 649 917 τῆς
667 840 699 900 δ’
718 841 787 916 ἐμῆς
805 848 941 916 τιμωρίας
961 842 1056 914 έκείνη
1077 841 1229 914 ἐλεύθερος
1246 839 1340 916 ήτωῑ).
1365 841 1403 909 οἱς

286 925 324 988 άν
342 930 374 986 δὲ
392 927 464 1002 μηδ’
483 926 623 1000 άγνοοίην
640 935 672 986 τί
686 949 755 984 ποτε
773 926 918 999 πράττεις,
943 927 1118 999 πυκνότερον
1142 927 1189 985 ἐπὶ
1212 933 1269 986 τάν
1291 931 1402 999 προθό-

219 1023 268 1071 130
286 1037 342 1087 ρων
355 1011 536 1086 ὀδυνώμενος
549 1017 634 1084 δεῦρο
646 1009 763 1070 κάκεῑσε
780 1011 817 1077 τός
834 1012 926 1084 μηδέν
943 1010 1129 1084 ἐπιστάμενος
1147 1012 1222 1085 εἰμι,
1248 1013 1356 1086 έπομαί
1371 1035 1400 1069 τε

286 1098 384 1171 λάθρα
402 1103 438 1170 τῇ
454 1102 594 1170 παιδίσκῃ
612 1099 661 1154 καλ
680 1100 731 1152 τὸν
749 1097 863 1169 οἰκέτην
881 1093 1039 1168 άνερευνά,
1065 1098 1107 1162 εἰς
1128 1103 1158 1155 τί
1175 1117 1218 1154 σοι
1237 1095 1402 1169 προυχιόρη-

287 1205 336 1241 σεν
353 1181 369 1241 ὁ
387 1177 491 1252 όπνος,
513 1183 554 1246 εἰς
572 1184 603 1237 τί
619 1180 649 1237 δ’
666 1180 684 1252 5
705 1180 808 1254 τροφή.
845 1184 923 1253 οίμοι
941 1187 979 1252 τῷ
997 1181 1140 1254 δυστήνῳ,
1159 1177 1201 1238 ότι
1219 1180 1258 1255 μή
1277 1190 1341 1246 ταῖς
1360 1180 1403 1238 έν-

205 1309 218 1336 ,
284 1275 380 1333 τολαῖς
403 1264 599 1339 ὑπηρετοόμαι
617 1271 673 1322 τάν
692 1268 797 1336 ἰατράν
815 1269 865 1323 καλ
883 1265 968 1334 πιέζιο
986 1265 1040 1339 τὴν
1057 1275 1139 1338 χεῖρα
1163 1269 1212 1323 καλ
1232 1263 1401 1336 ἐπιπίπτωδ)

218 1362 266 1411 135
284 1357 322 1425 τῷ
340 1354 430 1424 λέχει·
452 1355 530 1424 οίμοι
548 1355 597 1408 καὶ
615 1346 704 1415 αὖθις
722 1355 762 1420 τῷ
780 1351 922 1423 δυστήνῳ,
942 1348 985 1406 ὅτι
1003 1349 1098 1422 πόρρω
1111 1349 1228 1408 ἐκεῖθεν
1240 1347 1400 1423 άπήτησαδ)

284 1435 422 1510 ἐμαυτόν,
447 1429 481 1494 όν
498 1433 530 1492 δ’
547 1431 641 1508 ἥκιστ’
659 1429 698 1492 άν
722 1435 851 1507 ἐθέλοιμι
875 1438 1012 1506 πάρεστιν
1039 1437 1104 1500 ίσιος
1122 1430 1206 1500 άλλος
1225 1433 1292 1492 ἐκεῖ.
1329 1433 1402 1493 ἐκεῖ·

284 1543 334 1588 νος
357 1526 414 1578 τάν
437 1524 539 1593 χειράν
561 1519 669 1578 τούτων
691 1515 813 1578 άπτεται
831 1523 880 1577 καλ
897 1521 1068 1590 παρεδρεόει
1086 1523 1122 1592 τῇ
1138 1515 1303 1592 άσθενοόσῃ
1320 1540 1401 1592 μιση-

255 1641 258 1644 -
283 1607 331 1670 τὸς
348 1613 410 1669 τοίς
428 1612 511 1670 θεοῖς
528 1608 577 1661 καὶ
597 1605 650 1660 σόν
667 1612 727 1669 τοῖς
746 1610 829 1668 θεοῖς
848 1601 913 1675 ἐμοί
920 1649 926 1674 ,
957 1607 1006 1660 καὶ
1028 1612 1089 1669 τοῖς
1112 1605 1231 1669 οἰκείοις
1250 1605 1402 1668 δακτύλοις

216 1700 265 1749 140
283 1689 336 1762 τὴν
354 1687 518 1761 σφόζουσαν
536 1694 682 1761 ψηλαφῶν
700 1685 864 1760 άρτερίανέ)
883 1687 1019 1753 πολλάκις
1036 1687 1103 1753 τούς
1116 1689 1233 1753 λευκοὺς
1245 1689 1346 1761 πήχεις
1359 1684 1402 1744 δι’
1417 1736 1428 1756 ,

283 1777 382 1832 αἰτίαν
404 1773 492 1846 τήνδε
514 1774 628 1845 κατέχει
651 1777 701 1830 καλ
723 1780 962 1845 πολυπραγμονεῖ
980 1771 1030 1830 τὸν
1053 1771 1160 1836 κόλπον
1183 1777 1232 1831 καλ
1252 1771 1400 1845 φιλήματα

285 1858 313 1916 δ’
330 1863 395 1923 ἴσως
413 1861 568 1916 συνάπτει·
592 1864 645 1915 καί
661 1859 691 1915 οἰ
707 1861 925 1930 πληρέστατοςῡ)
944 1856 959 1915 ὁ
977 1858 1082 1929 μισθός
1100 1863 1151 1930 τῆς
1169 1857 1279 1922 οἰκείας
1296 1856 1401 1928 άπηρε·

283 1949 357 2008 σίας.
381 1950 424 2009 τίς
437 1964 481 2001 σοι
495 1941 671 2015 συνεχώρησε
683 1942 715 1998 τὸ
727 1941 867 2015 ήμέτερον
879 1942 961 2014 λήιον
973 1940 1066 2014 άμάν;
1084 1941 1156 2013 πρὸς
1168 1941 1219 2006 τάς
1232 1938 1357 2013 ἕτέραςθ)
1370 1937 1400 1996 δ’

216 2038 265 2087 145
284 2025 402 2092 ἐλπίδας
416 2033 460 2093 τίς
475 2048 520 2086 σοι
535 2034 675 2100 πεποίηκε
689 2026 741 2101 τήν
756 2025 839 2096 ὁδόν;
858 2021 939 2092 οὗτος
954 2023 1084 2091 ὁκόλπος
1100 2024 1165 2098 ἐμός
1175 2024 1259 2091 ἐστιν,
1278 2027 1400 2097 αἰσχράς

282 2113 358 2184 τάμά
369 2112 523 2183 λαμβάνεις
534 2115 694 2184 φιλήματα·
709 2111 740 2170 ἐκ
753 2117 803 2169 τοῦ
816 2110 1014 2183 ὑπεσχημένον
1024 2134 1072 2184 μοι
1082 2109 1209 2182 στόματος
1219 2109 1283 2180 αἶρε
1294 2113 1401 2166 σαυτοῦ

282 2198 333 2261 τάς
345 2205 450 2268 χεῖρας.
470 2196 535 2266 αἶρε
548 2201 655 2253 σαυτοῦ
666 2195 717 2260 τάς
727 2207 834 2266 χεῖρας,
845 2193 979 2267 άδόκιμε·
993 2189 1026 2268 ής
1037 2195 1091 2267 γάρ
1101 2191 1261 2267 θιγγάνεις,
1275 2191 1399 2267 ἡμετέρα

283 2281 388 2352 μέλειλ)
408 2279 589 2352 γενήσεσθαι.
616 2277 692 2338 εἰτὸ
711 2278 848 2337 ἐντεῦθεν
865 2283 993 2350 ποιήσεις
1010 2285 1102 2349 τοῦτο,
1126 2278 1225 2351 μοιχὸς
1238 2275 1325 2342 όντιος
1338 2278 1396 2350 έσῃ.
1471 2301 1476 2308 ·

285 2363 413 2433 ἐπίλεξαι
431 2369 526 2435 σαυτῷ
543 2362 622 2434 παρά
641 2369 698 2420 τάν
715 2360 846 2434 άγάμιον,
871 2362 943 2435 ὑπὲρ
960 2357 997 2436 ής
1014 2360 1075 2440 οὐκ
1086 2360 1123 2421 άυ
1147 2364 1240 2434 ἔτερος
1258 2359 1399 2434 άμόναιτό

216 2463 265 2512 150
284 2469 328 2506 σε·
361 2452 388 2506 εἰ
404 2447 460 2519 γάρ
478 2445 606 2519 άγνοεῖς,
631 2453 715 2505 τοῦτο
737 2447 769 2506 τὸ
793 2453 910 2520 πράγμα
929 2451 1072 2520 δεσπότην
1090 2448 1200 2506 οἰκεῖον
1218 2449 1284 2521 ἔχει.
1321 2447 1348 2504 εἰ
1366 2447 1398 2504 δέ

282 2556 332 2606 μοι
350 2529 386 2590 οό
402 2533 557 2601 πιστεύεις,
577 2531 609 2590 τό
626 2538 682 2589 τάν
701 2533 971 2605 συμπεφωνημένων
990 2532 1068 2598 εἶδος
1087 2530 1232 2602 ἐξέτασον·
1255 2529 1293 2596 άς
1310 2528 1348 2588 άν
1367 2531 1399 2588 δέ

282 2618 320 2691 μή
339 2618 448 2690 ψευδές
465 2623 548 2674 τοῦτο
569 2622 625 2691 φής
645 2617 734 2688 εἶναι,
755 2614 828 2690 αότή
847 2639 878 2691 γε
896 2616 1059 2689 άναγνοότω.
1096 2619 1131 2675 συ
1150 2617 1181 2674 δ’
1199 2617 1230 2676 ἐκ
1248 2621 1300 2675 τοῦ
1317 2615 1398 2672 άλλο-

281 2708 363 2774 τρίου
381 2701 531 2773 θαλάμου,
551 2704 596 2759 σολ
615 2704 734 2775 λέγομεν
752 2699 848 2775 ἡμεῖς,
869 2701 962 2770 ἐξιθι·
982 2702 1059 2771 έξιθι
1078 2701 1213 2759 ἐνθένδε·
1238 2707 1270 2758 τί
1285 2705 1397 2774 δρᾷςςθ)

216 2803 264 2852 155
285 2785 318 2846 οά
338 2787 468 2862 σχολάζει
485 2785 516 2858 τό
535 2791 615 2858 λέχος
633 2791 725 2846 τοῦτο.
738 2781 766 2868 κὃ
784 2790 838 2858 γάρ
858 2787 931 2858 έχεις
948 2791 997 2845 καλ
1015 2785 1049 2844 σι)
1067 2793 1117 2859 τής
1129 2785 1319 2858 άνθραπίνης
1331 2783 1398 2858 ὁμο-

282 2877 381 2946 λογίας
403 2871 475 2929 άλλα
493 2870 527 2928 τά
547 2870 674 2944 ῥήματα,
699 2869 751 2928 οόκ
777 2873 855 2928 ἐσται
874 2877 945 2946 γοῦν
964 2871 1013 2928 διά
1032 2877 1122 2929 ταῦτα
1141 2874 1188 2941 ίση
1206 2868 1224 2943 5
1244 2875 1342 2942 δίκηθ)
1365 2875 1399 2940 τῇ

282 2956 345 3029 έμῇ.
371 2955 434 3028 ἐμολ
452 2956 506 3027 μέν
523 2962 578 3028 γάρ
597 2953 669 3030 αότη
689 2954 796 3027 ἑαυτήν
812 2954 989 3029 ὡμολόγησε,
1009 2955 1083 3028 65¹⁰)
1102 2953 1132 3013 δ’
1151 2954 1243 3029 αὐτὴν
1259 2955 1275 3012 ὁ
1293 2955 1396 3026 πατήρ,

281 3047 390 3112 πρῶτος
411 3035 451 3098 τόν
474 3037 528 3097 άπ’
547 3040 672 3112 έκείνης,
697 3040 762 3097 άλλ’
780 3039 817 3106 οἱς
839 3041 957 3113 άληθῶς
981 3042 1075 3098 εἰπεῖν
1098 3037 1171 3113 αόττ)
1190 3037 1333 3112 έαυτήνέέ)
1353 3037 1396 3110 ἐγ·
1458 3037 1460 3040 ’

193 3139 194 3142 ’
281 3126 385 3197 γυτέρα
403 3129 512 3197 μάλλον
529 3119 548 3196 5
567 3123 581 3182 5
600 3125 696 3197 πατήρ
715 3125 780 3188 ἐστι.
818 3126 1035 3198 κατηγγυήσατό
1057 3146 1102 3183 σοι
1124 3125 1232 3196 ταύτην
1254 3121 1268 3180 5
1292 3121 1395 3196 πατήρ,

215 3227 263 3275 160
282 3208 354 3282 αὕτη
374 3210 406 3268 δέ
425 3212 474 3266 καλ
492 3205 583 3281 άμοσε
601 3215 639 3282 τῴ
658 3207 770 3280 ἐράντι·
799 3206 934 3275 κάκεῑνος
957 3209 1010 3281 μέν
1027 3208 1248 3280 άνθριόποιςέῖ),
1273 3205 1344 3280 αὕτη
1365 3209 1397 3264 δέ

282 3295 359 3352 θεάν
381 3295 531 3367 παρήγαγε
553 3293 698 3365 μάρτυρα·
728 3291 862 3358 κάκεῖνος
885 3293 938 3366 μὲν
957 3293 1085 3359 δέδοικε,
1103 3292 1141 3365 μή
1160 3290 1300 3364 ψεύστης,
1323 3286 1394 3362 αὕτη

283 3379 315 3436 δέ
337 3379 376 3451 μή
400 3380 471 3450 55¹³)
495 3377 628 3449 ἐπίορκος
652 3375 827 3449 ὀνομάζοιτο.
868 3376 935 3449 μήτι
959 3382 1031 3448 γοῦν
1053 3375 1251 3449 άμφιβάλλης,
1275 3375 1395 3447 πότερον

282 3457 366 3528 οότος
390 3460 404 3519 5
429 3461 520 3534 φόβος
542 3467 646 3534 μείζων
665 3460 741 3518 ἐστὶν
757 3457 778 3533 5
796 3461 914 3526 ἐκεῖνος.
949 3464 1000 3517 καὶ
1017 3460 1162 3529 καθόλου,
1186 3465 1267 3530 εἰπερ
1285 3459 1397 3534 άμφοῐν

281 3547 348 3612 τούς
370 3545 525 3610 κινδόνους
547 3543 683 3616 συνάγειν
706 3543 792 3617 δόνη,
816 3541 904 3614 άθρει
925 3543 997 3614 πρὸς
1014 3543 1066 3616 τὴν
1085 3544 1231 3615 ἐφοδονέέ)
1250 3551 1307 3601 τάν
1324 3566 1394 3614 πρα-

216 3649 264 3697 165
282 3633 410 3704 γμάταν·
428 3629 446 3702 ή
465 3628 519 3702 μέν
536 3629 610 3702 νόσῳ
628 3627 745 3700 κάμνει,
765 3626 779 3686 5
800 3625 828 3685 δ’
848 3628 974 3698 έρρωται.
1000 3632 1049 3687 καλ
1061 3626 1145 3701 ήμεῖς
1158 3625 1189 3685 δ’
1200 3625 1395 3700 άνομοίουςίδ)

282 3713 396 3788 άγάνας
417 3713 490 3772 κατά
514 3720 585 3772 νοῦν
607 3712 808 3786 άπερχόμεθα,
834 3710 899 3771 οὔτε
922 3709 953 3770 δ’
971 3711 988 3787 5
1007 3712 1086 3778 ἐλπὶς
1107 3711 1179 3785 ἡμῖν
1201 3713 1219 3783 5
1239 3708 1310 3784 αὐτή
1329 3707 1396 3768 οὔτε

281 3867 486 3878 —.-..-.—.

349 3959 370 4027 ¹)
395 3975 448 4011 scr.
474 3953 551 4012 ἔστω.
637 3957 659 4021 ¹)
681 3960 792 4026 propria
816 3913 920 4010 οοδίοἰε
941 3957 1078 4035 Planudej
1104 3955 1263 4037 corruptela
1286 3954 1395 4005 subest:

280 4031 455 4095 ι’πείλίοηυο
481 4034 547 4079 toro.
583 4029 724 4106 ιἰισίάίοηυο
750 4028 917 4078 Puteaneus.
1002 4023 1024 4089 ¹)
1053 4014 1199 4091 άπέστησα
1227 4022 1273 4075 vel
1302 4013 1394 4089 άπήρ-

282 4111 353 4180 τησα
375 4097 510 4148 Blassius.
582 4093 610 4176 ¹)
629 4110 681 4144 ser.
700 4083 848 4160 άρτηρίαν.
917 4091 938 4156 ⁵)
961 4109 1014 4144 scr.
1033 4086 1229 4177 πληρέστερος.
1299 4090 1319 4154 Ι3)
1344 4105 1395 4140 scr.
1474 4157 1476 4162 Ι

283 4157 389 4247 ετέρου.
464 4165 556 4228 ⁷.)scr
574 4155 698 4240 μέλλει.
745 4163 766 4226 ¹¹)
790 4161 1023 4226 transponendum
1040 4161 1150 4210 videtur
1166 4176 1193 4208 τι
1189 4156 1296 4224 ’δρᾷς;
1305 4151 1393 4238 ἔξιθι

283 4225 415 4283 ἐνθένδε.
504 4229 526 4310 ¹)
550 4246 601 4280 scr.
625 4221 643 4294 5
667 4223 701 4295 σή
726 4227 802 4310 δίκη.
893 4227 925 4292 ¹⁰)
948 4243 1000 4277 ser.
1024 4225 1078 4276 σοί.
1166 4225 1197 4292 ¹¹)
1222 4241 1275 4276 scr.
1300 4218 1395 4288 έαυτή.

283 4301 314 4366 ¹²)
338 4317 390 4353 ser.
413 4290 596 4364 άνθροόπους.
684 4295 728 4374 13)
740 4291 772 4346 δέ
795 4297 894 4345 autin
917 4293 970 4345 κατ’
990 4295 1147 4374 mutandum
1171 4297 1219 4343 ant
1241 4291 1395 4342 delendum.

283 4366 345 4432 14)ε
332 4383 386 4420 ε.οι·
405 4353 855 4430 έξοδον.15)εοτ.άνόμοιον.
