3284 5158
730 443 957 509 ⁴108-

377 620 546 700 Otesyllam
577 619 671 680 Oeam
699 619 923 678 Hermochares
947 617 1148 678 Atheniensis
1178 617 1249 676 dum
1271 618 1404 705 Pythiae

291 721 374 782 (leae
397 720 591 781 celebrantur
613 721 755 780 choream
788 720 866 780 vidit
894 727 1037 798 agentem
1069 718 1109 778 ad
1143 740 1225 778 aram
1248 715 1404 799 Apollinis

292 823 445 883 Carthaei.
489 823 628 902 protinus
650 823 783 901 flagrans
804 823 933 900 virginis
962 820 1116 881 desiderio
1139 822 1171 879 in
1192 823 1271 881 malo
1298 823 1404 880 inseri·
1441 834 1447 843 ·

289 925 352 1004 psit
368 924 535 999 formulam,
559 943 615 1004 per
632 943 722 1004 quam
736 924 790 983 illa
804 901 909 983 Diana
923 924 1068 982 invocata
1088 924 1202 982 iuraret
1223 942 1256 982 se
1271 924 1404 983 Hermo·

291 1027 375 1085 chari
397 1035 569 1105 nupturam,
593 1026 766 1106 malumque
788 1025 920 1104 proiecit
942 1024 974 1083 in
998 1025 1103 1084 fanum
1117 1025 1249 1084 Dianae.
1281 1024 1400 1084 sublato

289 1128 342 1186 illo
360 1126 499 1207 Otesylla
520 1126 730 1186 iusiurandum
744 1127 828 1203 legit,
854 1145 913 1206 quo
936 1127 1017 1185 facto
1033 1145 1108 1205 prae
1130 1125 1248 1206 pudore
1271 1145 1403 1205 propere

291 1228 412 1287 abiecit.
428 1259 470 1271 —
485 1228 661 1288 Alcidamas
676 1241 750 1287 vero
768 1227 925 1306 Otesyllae
948 1235 1037 1306 pater
1052 1228 1253 1288 Hermochari
1269 1228 1404 1307 puellam

290 1332 323 1389 in
360 1330 582 1390 matrimonium
617 1328 799 1408 deposcenti
834 1328 942 1388 adnuit
976 1328 1132 1407 Apollinis
1167 1330 1255 1388 simul
1280 1330 1405 1388 'laurum

290 1441 433 1510 tangens.
479 1432 594 1491 exactis
617 1439 718 1490 autem
740 1429 861 1521 Pythiis
885 1429 997 1489 oblitus
1024 1431 1186 1490 iuramenti
1209 1431 1262 1489 alii
1284 1430 1404 1490 cuidam

289 1532 383 1593 filiam
406 1540 534 1611 nuptum
562 1531 657 1590 dedit.
709 1539 740 1589 at
761 1530 986 1590 Hermochares
1017 1551 1084 1592 cum
1110 1531 1233 1592 videret
1260 1532 1343 1591 illam
1371 1533 1405 1590 in

290 1634 404 1714 templo
428 1635 649 1693 sacrificantem
671 1634 807 1710 graviter
834 1632 965 1692 afflictus
993 1633 1093 1707 irmit,
1123 1653 1214 1712 quem
1239 1634 1343 1692 statim
1372 1641 1406 1692 ut

290 1735 368 1794 vidit
391 1735 537 1794 divinitus
561 1735 674 1793 amavit
690 1734 839 1813 Otcsylla.
877 1753 913 1792 ac
935 1753 968 1793 re
991 1755 1047 1813 per
1064 1735 1213 1794 nutricem
1236 1735 1405 1814 composita

291 1835 379 1896 ambo
399 1837 479 1896 ‘olam
501 1843 593 1895 nocte
614 1835 755 1895 Athenas
778 1835 928 1913 navigant
950 1837 1135 1916 nuptiasque
1163 1836 1206 1896 ibi
1234 1837 1404 1915 perficiunt.

290 1939 322 1996 in
345 1946 435 2017 partu
457 1945 559 1997 autem
582 1936 720 2017 Otesylla
743 1936 818 1996 obiit
841 1937 947 1996 divina
969 1938 1141 2012 voluntate,
1175 1939 1263 2018 quia
1291 1946 1405 2016 pater

289 2039 549 2118 peioraverat.
601 2044 632 2096 et
660 2057 726 2097 cum
755 2037 889 2097 cadaver
922 2038 988 2098 eius
1022 2039 1180 2098 efferretur
1214 2059 1231 2098 e
1264 2039 1406 2098 lecticula

291 2139 431 2200 columba
453 2140 629 2199 subvolavit
651 2159 710 2198 nec
731 2139 832 2218 potuit
854 2147 1004 2198 mortuum
1027 2158 1136 2218 eorpus
1158 2139 1303 2200 inveniri.
1333 2159 1405 2199 con·

290 2242 405 2301 sulenti
432 2261 506 2300 vero
533 2241 689 2304 oraculum
717 2240 917 2300 Hermochari
946 2259 1129 2318 responsum
1162 2250 1222 2314 est,
1257 2252 1291 2300 ut
1322 2239 1405 2319 apud

290 2343 418 2403 lulietas
434 2344 580 2420 templum
595 2349 727 2422 poneret
741 2341 912 2402 Veneris
930 2340 1153 2420 Otesyllae,
1177 2341 1324 2422 idemque
1340 2363 1404 2402 ora-

291 2444 390 2503 culum
406 2443 477 2504 Ceis
494 2463 616 2524 quoque
633 2442 708 2502 deus
726 2441 834 2501 edidit.
871 2441 955 2501 unde
971 2443 1160 2517 factumest,
1183 2452 1217 2502 ut
1240 2445 1405 2504 etiamnum

290 2546 422 2605 Iulietae
446 2546 549 2605 colant
570 2546 727 2606 Venerem
750 2543 935 2624 Otesyllam,
966 2545 1061 2604 ceteri
1082 2545 1218 2604 insulani
1239 2545 1405 2604 Dianam

292 2645 517 2728 Otesyllam.
1345 2707 1347 2711 .

376 2749 531 2814 Vniversa
552 2748 641 2808 huius
669 2747 817 2807 historiae
847 2747 1008 2826 dispositio
1037 2748 1090 2807 vel
1113 2749 1292 2807 oeconomia
1315 2768 1405 2828 quam

290 2851 330 2909 sit
356 2850 437 2908 mala
465 2869 501 2908 ao
529 2850 657 2910 confusa
684 2849 737 2907 vix
766 2843 864 2927 'fugiet
895 2869 1092 2930 quemquam,
1127 2869 1185 2908 nec
1213 2850 1302 2927 fugit-
1319 2851 1405 2909 Butt-

290 2971 434 3011 mannum
459 2949 501 3028 (v.
524 2951 545 3009 l.
570 2971 594 3008 c.
618 2971 649 3029 p.
676 2946 749 3027 129).
793 2969 899 3009 verum
914 2943 1007 3010 ¹ultra
1034 2951 1308 3030 reprehensionem
1335 2973 1404 3030 pro‘

291 3052 379 3131 gredi
403 3051 560 3111 debemus.
604 3051 704 3110 nodus
722 3052 804 3110 enim
826 3051 951 3111 fabulae
976 3053 1111 3112 cernitur
1132 3053 1165 3110 in
1180 3052 1405 3112 Alcidamantis

290 3152 504 3227 iureiurando,
538 3173 596 3233 quo
619 3153 712 3212 filiam
734 3147 896 3231 pollicetur
918 3153 1119 3213 Hermochari
1141 3155 1297 3232 prehensa
1319 3154 1404 3213 lauro

290 3254 471 3334 Apollinea.
516 3275 580 3314 non
597 3255 656 3313 nisi
679 3273 718 3314 ex
739 3255 793 3314 illo
808 3255 893 3313 laeso
917 3255 1057 3333 profecta
1072 3263 1144 3316 sunt
1167 3275 1246 3335 quae
1262 3265 1406 3314 secuntur

255 3370 257 3374 '
291 3357 403 3416 omnia.
428 3356 511 3436 quod
528 3375 594 3416 oum
609 3357 653 3414 ita
668 3357 715 3428 sit,
733 3375 785 3414 our
800 3375 914 3434 quaeso
929 3355 1069 3435 Otesylla
1083 3358 1209 3435 fingitur
1222 3357 1306 3416 idem
1321 3359 1405 3436 prius

290 3459 408 3517 iurasse
423 3457 545 3516 iuvita?
569 3456 652 3536 quod
676 3455 800 3536 quidem
815 3455 867 3515 ubi
889 3457 1018 3535 primum
1041 3459 1128 3536 legis,
1153 3478 1190 3517 eo
1212 3459 1280 3540 ipso
1304 3458 1405 3518 credis

291 3557 416 3618 fabulae
431 3558 547 3618 nodum
562 3558 723 3617 contineri.
754 3558 810 3618 sed
826 3559 911 3618 nullo
928 3566 1017 3637 pacto
1033 3558 1066 3618 id
1089 3560 1195 3619 valere
1217 3561 1250 3619 in
1274 3579 1311 3619 ea
1333 3580 1405 3620 con·

291 3658 453 3720 formanda
476 3679 555 3738 quae
578 3668 689 3739 postea
712 3657 870 3734 eveniun't,
893 3681 964 3720 mox
984 3662 1153 3740 perspicis·
1174 3662 1280 3741 itaque
1296 3662 1346 3721 fae
1360 3670 1405 3721 ta·

291 3763 352 3822 lem
368 3781 436 3821 esse
452 3761 601 3821 fabulam:
625 3759 795 3840 Otesyllam
809 3762 931 3843 Pythiis
946 3763 1045 3821 visam
1054 3763 1279 3824 Hermochares
1297 3763 1407 3823 dilexit

293 3871 324 3922 et
353 3863 386 3921 in
417 3864 641 3923 matrimonium
669 3864 773 3942 petiit,
811 3863 980 3943 despondit
1005 3869 1096 3944 pater
1125 3884 1152 3924 e.
1177 3886 1207 3945 q.
1230 3885 1254 3924 s.
1299 3885 1406 3924 nonne

290 3965 385 4024 multo
409 3965 452 4024 ita
475 3947 655 4024 concinnior
676 3974 709 4025 et
730 3966 853 4045 planior
874 3963 1017 4045 procedit
1044 3963 1170 4026 fabula?
1200 3970 1294 4046 quar'e
1323 3967 1406 4046 pomi

292 4065 417 4147 Oydoni
438 4067 534 4126 iaetus
557 4085 613 4146 pro
637 4067 735 4126 otioso
759 4076 790 4127 et
808 4068 936 4127 molesto
964 4076 1146 4128 ornamento
1168 4067 1330 4129 habendus
1348 4077 1404 4128 est.

292 4168 383 4248 quale
406 4188 474 4227 oum
496 4177 622 4246 respuat
648 4168 770 4247 mythos
799 4169 906 4248 populi
934 4170 1061 4246 ingenio
1089 4178 1267 4249 procreatus
1290 4189 1405 4250 oreque

292 4270 497 4343 circumlatus,
528 4269 615 4327 utin
639 4288 698 4349 quo
722 4278 796 4349 apta
818 4290 854 4329 ac
876 4271 1053 4330 necessaria
1076 4273 1193 4344 omnia,
1223 4271 1300 4329 nihil
1323 4269 1405 4351 quod

291 4369 444 4449 pendeat,
474 4371 552 4429 nihil
574 4368 657 4450 quod
680 4391 735 4432 sua
757 4391 866 4432 caussa
889 4371 985 4446 adsit,
1013 4373 1066 4432 vix
1089 4373 1147 4432 erit
1169 4371 1307 4447 dubium,
1331 4371 1406 4452 quin
