3254 5158
735 409 946 476 „53-

286 587 324 649 ob
355 608 493 648 caussam
515 587 663 646 Acontius
692 587 827 666 puellam
855 585 914 646 sibi
937 585 1153 644 conciliaturus
1177 583 1217 642 ad
1238 584 1325 644 illum
1348 584 1400 643 do-

264 713 267 722 ·
285 691 347 750 lum
370 689 521 768 confugit,
546 708 637 768 quam
654 687 737 768 quod
760 686 935 767 praenobili
958 688 1025 746 loco
1042 707 1109 747 eam
1125 694 1265 746 senserat
1287 695 1400 745 natam.

286 811 389 871 neque
418 791 499 849 enim
529 789 693 849 admodum
723 789 916 850 confidenter
939 787 978 848 de
1001 807 1056 848 sua
1079 788 1197 867 origine
1220 786 1261 847 ad
1284 787 1400 868 Cydip-

287 912 360 972 pam
382 892 486 952 scribit
508 911 537 951 v.
561 899 613 954 223
636 911 682 972 sq.
879 872 882 878 ¹

775 1044 843 1095 nee,
866 1030 892 1085 si
911 1043 1051 1100 praeroso
1071 1029 1200 1100 probatis

533 1133 664 1195 nomina,
688 1132 829 1202 despectis
851 1147 961 1202 arpaor
983 1135 1065 1186 ortus
1087 1133 1155 1186 eois.

288 1264 371 1345 quod
393 1263 586 1324 sedebant
607 1264 640 1322 iu
661 1264 792 1343 templo,
818 1271 848 1322 et
870 1264 969 1342 ipsum
991 1261 1181 1342 publicorum
1209 1263 1403 1323 sollemnium

286 1367 408 1426 videtur
431 1387 499 1427 esse
523 1360 708 1441 indicium.¹)
748 1366 851 1444 qualia
872 1385 946 1424 vero
970 1384 1057 1424 sacra
1079 1364 1264 1423 celebrarint
1288 1365 1401 1445 quidve

287 1470 334 1528 rei
355 1470 438 1526 intra
459 1469 606 1547 templum
629 1456 729 1526 actum
751 1467 799 1540 sit,
824 1486 887 1526 non
910 1466 1001 1526 facile
1025 1487 1091 1526 oum
1114 1466 1217 1547 aliqua
1239 1466 1402 1546 probabili·

286 1577 351 1629 tate
374 1569 562 1629 definiveris.

372 1670 461 1749 Quae
484 1669 575 1729 modo
600 1669 639 1728 de
662 1670 775 1730 Aconti
798 1678 829 1729 et
844 1668 1010 1749 Cydippae
1026 1671 1126 1730 Deliis
1147 1670 1227 1730 facto
1245 1689 1401 1742 concursu,

288 1772 327 1831 de
349 1773 473 1850 generis
500 1773 607 1830 horum
636 1771 811 1831 discrimine
841 1771 1077 1850 disputavimus,
1106 1772 1183 1831 hacc
1206 1791 1272 1830 cum
1295 1780 1403 1848 suapte

287 1883 398 1934 natura
419 1875 486 1932 veri
509 1873 571 1932 sint
593 1874 760 1941 simillima,
788 1873 898 1932 eadem
919 1873 1095 1932 testimonio
1113 1872 1246 1953 quodam
1269 1873 1403 1950 ambigui

288 1977 412 2054 generis
436 1975 587 2034 contineri
610 1974 749 2034 nolumus
772 1982 885 2034 tacere.

372 2077 513 2154 Namque
527 2076 724 2136 Antonius
739 2076 905 2136 Volscus
927 2078 960 2134 in
975 2083 1155 2153 argumento
1172 2076 1323 2153 epistulae
1338 2076 1404 2134 XX

287 2172 443 2255 scribit²):
460 2179 538 2236 Hinc
555 2179 656 2251 (Coeo)
671 2178 823 2251 profectas
831 2181 967 2237 Acontius
983 2179 1174 2235 edDiaace
1188 2195 1297 2234 sacra
1313 2193 1404 2250 qaae

286 2281 396 2337 Baeti
415 2297 460 2337 ee
475 2282 663 2353 cirpinum
679 2288 863 2336 conuenta
878 2282 1123 2337 celebraretur
1138 2284 1168 2337 in
1183 2295 1308 2338 amorem
1324 2283 1404 2336 uisae

289 2381 435 2454 Cydippae
462 2384 610 2441 cacalait..
642 2388 673 2439 et
701 2380 733 2437 in
762 2399 878 2458 argum.
908 2399 957 2458 ep.
980 2380 1079 2440 XXI:
1108 2382 1218 2454 (Delos)
1246 2399 1348 2454 nrapno
1375 2383 1404 2437 ia

288 2483 396 2539 bonore
417 2489 460 2539 est
481 2483 631 2550 habituali
653 2483 777 2539 heroicis
800 2485 983 2554 temporibus.
1015 2485 1049 2540 ab
1065 2485 1194 2540 omnibus
1209 2485 1268 2540 oris
1282 2486 1312 2539 ia
1328 2484 1404 2540 deno

288 2586 409 2641 insulem
432 2586 472 2640 ed
497 2601 585 2641 sacre
604 2585 723 2656 publice
751 2586 958 2641 conuertebant
985 2593 1187 2658 coetusque
1220 2587 1404 2658 cirpinum

287 2703 398 2743 sacro
421 2687 670 2743 ministrabat.
701 2688 829 2760 quibas
851 2704 927 2743 eam
950 2691 1096 2746 adesset
1112 2687 1271 2760 Cydippe
1287 2694 1404 2759 accepto

288 2789 421 2845 insidioso
441 2804 526 2860 pomo
548 2791 612 2844 aisa
635 2795 728 2845 estse
749 2791 997 2846 acontiourrorem
1015 2775 1135 2861 pacisci.
1166 2808 1256 2867 porro
1273 2787 1356 2846 idem
1371 2787 1404 2846 in

288 2908 404 2967 argum.
422 2907 471 2966 ep.
488 2888 568 2946 XX:
592 2908 658 2946 nem
681 2905 755 2962 qaae
771 2871 837 2947 uate
853 2893 921 2948 deos
935 2893 1101 2948 dicerentur
1116 2894 1145 2948 in
1168 2893 1271 2962 tempto
1285 2891 1405 2947 Baetice

287 2991 401 3047 Dianae
424 2997 491 3046 rata
513 3006 575 3048 esse
598 2992 700 3048 debere
724 2993 773 3047 lea
794 3001 866 3049 erat.
898 3001 991 3070 atque
1003 2991 1170 3052 Vbertinus
1187 2990 1404 3050 Crescentinas

288 3092 321 3150 in
345 3110 460 3168 argum.
486 3109 535 3168 ep.
556 3091 622 3150 XX
645 3090 684 3150 de
706 3092 854 3150 Acontio:
877 3111 964 3166 qaam
988 3094 1174 3168 (Cydippcm)
1197 3095 1323 3150 cam-ob
1344 3109 1402 3167 pe·

287 3197 388 3251 neris
409 3196 657 3264 imparitatem
681 3211 737 3250 non
760 3195 880 3250 auderet
902 3203 1003 3268 aperte
1025 3213 1146 3253 exorem
1167 3203 1275 3268 petere,
1298 3198 1406 3252 inuenit

287 3297 380 3360 aiem,
404 3311 461 3368 qua
483 3296 562 3350 ittam
584 3296 638 3351 sibi
658 3297 788 3368 cantapia
811 3297 956 3369 obtiperet.

372 3394 462 3452 Haec
484 3413 523 3452 ex
545 3403 633 3472 parte
656 3394 802 3473 produxit
823 3397 1027 3457 Buttmannus
1050 3399 1070 3456 l.
1094 3416 1119 3456 c.
1143 3418 1173 3477 p.
1192 3406 1240 3458 121
1258 3417 1319 3477 sq.‚
1345 3417 1404 3477 quo

289 3496 447 3554 evinceret
467 3500 582 3570 perieris
603 3500 812 3570 imparitatem,
844 3518 923 3577 quae
951 3499 1062 3558 fuisset
1084 3500 1165 3558 inter
1186 3498 1351 3558 Acontium
1375 3507 1405 3558 et

289 3596 481 3676 Cydippam,
506 3598 710 3677 antiquiorem
733 3599 821 3658 simul
843 3599 896 3659 illc
920 3601 1131 3660 anctoritatem
1153 3601 1218 3659 istis
1241 3603 1315 3659 notis
1337 3601 1404 3658 viu·

289 3698 412 3758 dicans:
436 3701 504 3757 Was
518 3702 547 3757 ia
564 3703 660 3758 diesen
672 3702 764 3759 Noton
778 3704 1053 3776 cipcntdaemticdes,
1069 3706 1131 3760 and
1144 3706 1230 3760 selbst
1245 3721 1298 3760 ron
1311 3703 1405 3760 Orid's

288 3803 474 3876 Erzeetdurp
490 3803 702 3861 ebraeicdendes
716 3805 862 3861 enthattea
877 3808 921 3871 ist,
937 3806 1047 3862 sedetet
1062 3808 1117 3861 mir
1132 3806 1210 3862 nictit
1224 3821 1255 3862 so
1271 3805 1404 3862 iciedttiia

357 4018 377 4083 ¹)
397 4020 440 4070 cf.
459 4020 665 4072 Boetticherum
682 4021 777 4087 philol.
798 4021 890 4071 XVIII
907 4038 933 4087 p.
952 4020 985 4072 34
1002 4036 1061 4086 sqq.

355 4101 377 4167 ²)
396 4104 464 4154 Vtor
482 4105 601 4171 repetita
621 4105 742 4156 editione
762 4105 936 4170 Epistularum
954 4106 1096 4157 Heroidam
1114 4106 1197 4158 Ovidii
1213 4123 1267 4156 oum
1285 4123 1406 4157 commea·

289 4190 476 4241 teriisAntonii
485 4191 572 4241 Volsci
582 4198 607 4240 et
617 4191 643 4239 V
642 4191 735 4240 bertini
740 4190 834 4240 Clerici
843 4190 1049 4248 Crescentinetir,
1060 4207 1129 4256 quae
1143 4207 1198 4241 una
1211 4205 1272 4241 cum
1279 4190 1405 4257 Sapphus

290 4273 410 4338 epistula
423 4279 450 4324 et
462 4274 540 4325 Ibide
560 4290 576 4323 a
588 4275 711 4324 Domitio
725 4274 874 4324 Calderino
888 4280 1018 4326 enarrata
1030 4276 1132 4341 prodiit
1144 4277 1271 4328 Venetiis
1289 4291 1314 4326 a.
1330 4277 1404 4327 1497.

289 4357 404 4423 primum
421 4359 557 4424 impressa
579 4361 622 4408 est
639 4358 709 4408 haec
729 4358 812 4409 editio
830 4359 858 4408 in
876 4358 937 4410 loco
956 4359 1065 4412 Casulis
1084 4377 1108 4413 a.
1130 4360 1202 4412 1481.
