3284 5158
672 445 907 508 -115-

232 620 334 680 colore
358 629 389 679 et
410 619 602 699 praestantia
623 619 764 678 eniteret.
795 638 831 676 ac
846 619 943 697 primo
967 619 1034 678 loco
1051 619 1349 680 commemorandum

232 729 279 781 est
294 722 418 782 Solonis
440 729 640 800 praeceptum
655 720 737 782 Plut.
761 721 883 797 coniug.
906 740 1009 799 praec.
1027 732 1057 782 l:
1080 709 1095 778 ὁ
1119 715 1223 779 Σόλων
1238 715 1351 780 ἐκέλευε

231 813 288 898 τὴν
309 815 434 899 νύμφην
455 821 499 904 τῷ
520 821 641 904 νυμφίῳ
663 819 951 900 συγκατακλίνεσθαι
973 812 1067 898 μήλου
1082 819 1239 902 Κυδωνίαν
1262 843 1349 880 κατα-

231 923 410 1001 τραγοῦσαν,
433 915 635 999 αἰνιττόμενος
652 913 690 993 ὡς
706 919 819 996 ἔοικεν,
842 913 886 980 ὅτι
911 919 957 980 δεῖ
977 913 1032 999 τὴν
1054 912 1113 981 dub
1135 921 1276 1001 στόματος
1299 921 1350 982 καὶ

232 1025 336 1100 φωνῆς
369 1017 457 1101 χάριν
486 1013 667 1103 εὐάρμοστον
701 1016 776 1082 εἶναι
810 1017 931 1100 πρώτην
964 1021 1015 1082 καί
1048 1014 1160 1100 ἡδεῖαν.
1204 1025 1349 1106 idemque

232 1134 363 1205 quaestt.
380 1127 468 1185 Rom.
485 1135 533 1188 65:
557 1113 576 1202 ἢ
599 1119 741 1202 καθάπερ
763 1115 778 1184 ὁ
802 1119 906 1184 Σόλων
930 1123 1053 1204 ἔγραψε,
1076 1118 1172 1203 μήλου
1195 1124 1351 1186 Κυδωνίαν

230 1216 285 1303 τὴν
313 1220 436 1302 νύμφην
468 1222 667 1306 ἐντραγοῦσαν
701 1227 741 1299 είς
774 1223 825 1286 τόν
858 1219 996 1304 θάλαμον
1026 1225 1174 1304 βαδίζειν,
1208 1221 1289 1298 ὅπως
1319 1223 1350 1287 τὸ

230 1327 349 1404 πρῶτον
371 1317 510 1403 ἄσπασμα
531 1317 572 1404 μὴ
595 1325 729 1406 δυσχερὲς
751 1326 870 1407 γένηται
893 1320 963 1406 μηδ’
993 1319 1161 1406 ἀχάριστον.
1206 1331 1244 1389 cf.
1276 1350 1349 1389 eun·

233 1428 303 1488 dem
326 1429 389 1489 Sol.
412 1437 456 1490 20.
501 1430 612 1489 malum
635 1451 653 1489 a
675 1451 790 1510 sponso
814 1440 888 1510 puta
911 1451 1046 1510 sponsae
1068 1439 1242 1510 porrectum
1266 1432 1348 1512 quod

233 1529 409 1590 comederet
431 1529 469 1590 ab
492 1531 546 1591 illo
570 1533 702 1592 fortasse
727 1542 821 1592 autea
843 1540 1005 1611 gustatum.
1050 1533 1192 1591 nimirum
1215 1533 1288 1592 Solo
1313 1552 1350 1592 ea

233 1652 356 1712 quoque
378 1633 411 1690 in
433 1652 604 1693 remoram
627 1633 711 1712 apud
733 1634 882 1713 populum
903 1635 964 1692 iam
986 1635 1144 1711 vigentem
1168 1643 1198 1692 et
1217 1635 1349 1714 antiqui·

232 1742 280 1794 tus
303 1733 458 1812 proditum
480 1734 551 1812 lege
573 1737 685 1794 sanxit.
717 1735 800 1815 quod
816 1737 842 1795 si
857 1736 1014 1795 Beckerus
1030 1734 1168 1795 Charikl.
1184 1736 1236 1793 III
1251 1756 1282 1814 p.
1298 1743 1348 1797 311

232 1833 434 1913 pervidisset,
464 1835 541 1895 illud
568 1845 768 1916 praeceptum
795 1838 894 1896 minus
925 1845 1007 1897 esset
1037 1836 1213 1896 demiratus.
1258 1837 1349 1896 moris

232 1945 334 1996 autem
356 1937 645 2016 interpretationem
668 1957 687 1996 a
701 1938 866 1997 Plutarcho
889 1937 1065 1998 adiunctam
1087 1939 1178 1997 nihili
1202 1958 1270 1998 esse
1295 1937 1348 1996 du-

233 2037 377 2111 cendam,
407 2039 459 2098 vix
483 2059 559 2118 opus
584 2048 630 2098 est
651 2049 685 2099 ut
704 2059 857 2098 moneam.
894 2060 930 2099 ac
953 2040 1079 2118 dignum
1101 2049 1270 2099 memoratu
1294 2049 1348 2112 est,

233 2139 317 2220 quod
332 2139 416 2198 idem
431 2140 497 2200 fere
513 2161 671 2220 pomorum
686 2143 834 2220 nuptialis
849 2161 922 2201 usus
938 2150 1043 2201 nostro
1067 2160 1190 2220 quoque
1211 2151 1350 2220 tempore

231 2242 264 2299 in
293 2241 428 2300 moribus
457 2241 610 2302 fabulisve
640 2252 796 2322 superstes
826 2242 1053 2328 inveniebatur,
1073 2243 1156 2322 apud
1178 2242 1351 2303 .Slav0nios

231 2343 408 2403 Wallachos
426 2343 598 2405 Germanos
614 2339 797 2424 aliosque.¹)
829 2353 861 2403 at
875 2346 957 2404 inter
974 2345 1110 2406 Graecos
1128 2346 1349 2406 contineamus.

233 2445 302 2504 Iovi
324 2446 448 2524 nuptias
472 2445 642 2506 celebranti
664 2467 758 2529 aurea
779 2467 872 2526 poma
895 2446 933 2506 ab
948 2449 1070 2506 Iunone
1094 2445 1167 2506 data
1184 2449 1281 2506 erant.
1312 2447 1350 2507 cf.

145 2581 149 2586 ·
232 2545 528 2624 Apollodor.115,
560 2558 600 2610 ll.
636 2547 746 2608 eadem
774 2543 887 2607 Iunoni
916 2547 1046 2607 nubenti
1075 2568 1093 2606 a
1121 2549 1219 2607 Terra
1249 2548 1352 2608 oblata

233 2648 345 2726 exigua
361 2649 533 2708 variatione
548 2648 730 2708 Athenaeus
743 2650 795 2708 III
806 2671 837 2728 p.
853 2658 912 2712 83c
931 2657 962 2708 et
972 2649 1198 2707 Eratosthenes
1216 2657 1322 2707 catast.
1335 2659 1353 2712 3

233 2758 369 2809 narrant.
377 2746 403 2826 2)
435 2751 607 2810 consimilia
631 2751 670 2810 de
687 2749 796 2810 Cadmi
820 2759 850 2810 et
864 2751 1054 2809 Harmoniae
1076 2750 1193 2827 nuptiis
1208 2749 1352 2827 leguntur

233 2850 317 2929 apud
339 2851 486 2910 Nonnum
508 2852 593 2911 XIII
615 2859 665 2914 351
689 2872 759 2931 sqq.
783 2851 823 2910 ad
847 2852 971 2930 nuptias
995 2850 1132 2910 Menelai
1156 2859 1186 2908 et
1208 2851 1352 2909 Helenae

234 2951 409 3012 Stesichori¹
423 2960 544 3032 spectat
566 2953 624 3031 frg.
647 2960 681 3014 27
704 2953 794 3031 ng.,
818 2953 901 3032 quod
925 2972 964 3011 ex
986 2952 1185 3031 epithalamio
1208 2952 1352 3012 Helenae

236 3053 358 3114 ductum
382 3063 428 3114 est
439 3049 465 3130 ³)
475 3077 487 3130 :¹

302 3322 321 3386 ¹)
341 3323 385 3373 ef.
398 3323 531 3374 Norkium
544 3324 588 3374 die
598 3324 688 3374 Sitteu
700 3325 755 3374 und
768 3324 949 3376 Gabraeuche
963 3325 1010 3375 der
1019 3324 1180 3374 Deutschen
1190 3331 1243 3375 etc.
1257 3341 1283 3390 p.
1294 3323 1351 3388 198,

234 3407 386 3459 Schottium
400 3407 597 3459 wallachische
610 3409 760 3458 Maereheu
773 3426 800 3474 p.
813 3412 854 3473 73,
873 3409 1010 3459 Kuhuium
1024 3415 1051 3459 et
1064 3409 1261 3459 Schwartzium
1274 3409 1353 3458 nord·

234 3493 365 3543 deutsche
378 3491 479 3558 Sagen,
498 3493 647 3543 Maereheu
660 3493 715 3543 und
727 3493 907 3545 Gcbraeuche
920 3512 946 3561 p.
960 3495 1018 3544 435.
1045 3493 1116 3544 Noeb
1127 3495 1199 3556 jetzt
1215 3493 1294 3542 teissr
1313 3492 1354 3543 die

234 3576 317 3638 Qoioe
328 3580 355 3628 a'n
367 3577 472 3628 Siciliae
482 3594 557 3642 pomo
570 3580 693 3637 dultinc,
712 3580 759 3628 der
771 3579 1021 3644 Braeutipomsapfel
1037 3565 1215 3644 Boettigerus
1226 3577 1264 3626 kl.
1276 3577 1353 3627 Schr.

233 3662 276 3712 III
293 3679 319 3728 p.
338 3663 381 3712 99.
418 3665 451 3712 Io
473 3665 520 3713 der
543 3653 695 3714 nordtsehen
713 3662 781 3728 Saye
803 3665 880 3714 bietet
898 3663 1015 3725 Skirner,
1039 3667 1078 3714 als
1100 3680 1129 3712 er
1149 3663 1212 3725 fuer
1231 3663 1299 3727 Frep
1316 3679 1355 3712 μιν

236 3747 322 3798 Gerdu
338 3748 425 3806 wirbt,
448 3750 556 3811 μαίσωνα
574 3748 672 3812 Aepfcl
698 3763 731 3797 ao
759 3747 939 3798 Schwenkius
958 3747 1160 3813 Andautungen
1177 3763 1203 3812 p.
1221 3749 1280 3798 364.
1315 3747 1353 3795 cf.

234 3830 438 3882 Rassmanuum
457 3832 588 3882 deutsche
606 3831 785 3896 Heldensage
803 3831 832 3881 1²
849 3849 875 3898 p.
896 3835 928 3882 55
940 3847 998 3896 sqq.

302 3939 324 4006 ²)
343 3941 376 3992 V.
395 3940 572 3992 Welcherum
591 3941 626 3989 ad
644 3939 837 3992 Schwenkium
856 3941 1059 4006 Andautungen
1077 3958 1103 4006 p.
1123 3943 1181 4005 275,
1201 3941 1354 3990 Heffterum

234 4023 341 4075 Ztschr.
362 4025 381 4077 ί.
399 4025 431 4078 Α.
451 4027 516 4076 1834
534 4042 561 4091 p.
580 4025 639 4075 679.
677 4031 751 4076 errat
770 4031 861 4076 autem
880 4025 1022 4075 Beckerus
1041 4025 1165 4075 Charikl.
1186 4027 1228 4076 111
1246 4043 1272 4090 p.
1290 4025 1353 4074 306:

239 4109 323 4159 Weoa
344 4125 402 4159 mon
424 4110 561 4160 aonebmen
584 4111 657 4173 durs,
681 4112 742 4160 dass
765 4112 808 4160 die
826 4111 1006 4160 Fetertotkeit
1027 4112 1083 4160 eine
1107 4110 1286 4173 Νοοίιαίιωνυμ
1309 4111 1355 4158 des

235 4185 312 4257 ίερός
330 4185 421 4258 γάμος
439 4211 493 4244 ινον
512 4210 536 4244 e.
548 4209 573 4258 q.
584 4209 606 4244 s.
636 4195 718 4244 immo
741 4209 807 4244 vero
826 4195 937 4245 inversa
955 4209 1000 4245 res
1018 4194 1081 4242 fuit.
1112 4210 1126 4243 e
1144 4195 1353 4244 vitaeconsue-

234 4277 331 4327 tudine
350 4278 447 4329 fabula
466 4283 508 4328 est
526 4279 713 4341 conformata,
732 4294 786 4328 non
804 4278 855 4329 illa
873 4295 906 4329 ex
924 4279 986 4329 hac.

305 4385 327 4452 ³)
345 4388 436 4438 Minus
455 4391 531 4438 recte
549 4388 673 4438 iudicare
691 4387 801 4438 videtur
815 4387 982 4439 Gerhardins
995 4388 1116 4439 Vasenb.
1129 4388 1143 4436 I
1156 4402 1182 4451 p.
1198 4387 1246 4436 130
1258 4400 1284 4434 n.
1300 4387 1355 4436 165.

1108 4468 1153 4531 8*
