3284 5158
683 417 894 486 ..85-

228 593 370 654 adhibuit
391 605 612 674 argumentum.
657 615 729 654 nam
750 595 784 654 in
806 595 1029 675 Xenophontis
1053 596 1169 677 Cyrop.
1193 599 1240 660 IV
1259 609 1291 672 5,
1313 605 1347 663 41

227 696 355 774 legitur:
378 693 429 754 ιιαὶ
443 688 540 775 φόβον
555 694 727 756 ἐπιτίθεσθε
748 696 791 779 τῷ
810 689 851 773 μὴ
871 695 1007 755 ποιοῦντι
1021 686 1058 755 coi
1078 692 1348 777 παραγγελλόμενα.

228 819 263 858 ac
278 798 368 858 facile
384 799 446 860 alia
462 821 587 881 quoque
601 801 692 860 huius
707 800 872 859 locutionis
889 807 972 859 certe
988 800 1190 861 consimilium
1206 805 1348 884 exempla

227 900 334 959 latent.
380 908 411 961 at
433 902 459 962 si
482 903 604 980 poetico
633 902 768 962 sermoni
795 921 903 981 parum
930 901 1014 960 illam
1033 905 1205 964 convenire
1228 905 1347 984 Meina-

226 1001 297 1060 kins
314 1000 452 1077 dixisset,
476 1004 617 1083 profecto
633 1024 698 1062 non
714 1002 911 1084 obloquerer.
942 1011 1050 1063 contra
1064 998 1198 1063 ἐπίσεισα
1221 1009 1346 1086 egregie

227 1102 459 1164 commendatur
483 1124 535 1180 e0,
561 1104 645 1186 quod
668 1125 734 1165 cum
755 1106 979 1184 paraphrastes
1002 1101 1113 1184 ἐπῆγον
1136 1109 1272 1168 concinit
1292 1109 1344 1184 ita,

226 1212 259 1264 ut
281 1206 347 1264 solo
370 1207 494 1290 poetico
519 1207 620 1268 colore
644 1207 809 1287 discrepet.
854 1213 948 1287 atque
970 1216 1004 1267 ut
1027 1208 1230 1268 confidentius
1254 1211 1347 1272 etiam

224 1308 426 1368 Meinekiano
455 1307 585 1368 invento
615 1308 760 1368 accedam
791 1303 843 1368 ine
872 1316 977 1368 movet
1003 1310 1062 1387 frg.
1091 1311 1202 1370 incerti
1231 1321 1344 1391 poetae

140 1475 141 1478 Ἴ
226 1410 308 1489 quod
332 1419 379 1470 est
400 1410 486 1490 apud
510 1411 652 1471 Suidam:
676 1405 818 1469 ἕπέσειεν·
842 1404 1059 1492 ἒπανειείνειο·

375 1513 438 1583 τοῖς
461 1502 488 1568 d'
512 1507 657 1571 ἔπε’σειε
679 1505 818 1588 φόβον,
844 1499 883 1582 ὧς
906 1499 1013 1570 αὐτίκα
1036 1505 1239 1588 σεθνήξονιος.

225 1629 309 1690 cuius
332 1631 476 1690 versiculi
498 1631 629 1690 fortisan
644 1632 714 1708 ipse
731 1629 936 1690 Callimachus
953 1639 1058 1691 auctor
1073 1632 1174 1693 fuerit.
1206 1643 1289 1694 certe
1306 1656 1344 1696 ex

225 1732 269 1790 eis
293 1731 347 1792 ille
375 1733 475 1811 poetis
506 1741 566 1806 cst,
598 1732 650 1813 qui
671 1731 839 1794 Homerum
867 1733 1057 1794 aemulantes
1085 1735 1209 1795 vocales
1231 1735 1344 1798 breves

225 1841 297 1892 ante
313 1835 454 1894 voculam
478 1824 517 1904 ὥς
538 1830 788 1914 produxerunt1)
814 1832 861 1912 (in
876 1834 948 1893 Del.
966 1844 1016 1898 193
1037 1823 1197 1912 dvaliptaog
1214 1826 1278 1914 ὥς).
1313 1846 1345 1898 et

224 1955 291 1994 cum
314 1922 421 1994 'forma
442 1925 637 2012 τεθνήξονιος
656 1947 808 2015 comparo
839 1929 970 2012 ἕστήξειν
991 1937 1025 1996 in
1047 1937 1152 2017 Apoll.
1178 1948 1224 2012 15,
1260 1939 1344 2019 quod

223 2037 415 2097 Meinelrium
446 2037 595 2098 immerito
626 2038 809 2098 sollicitasse
837 2047 923 2118 puto.
936 2035 963 2115 ²)
1008 2046 1142 2098 ceterum
1169 2041 1239 2120 ipse
1271 2041 1344 2100 olim

224 2139 416 2198 conieceram
437 2133 564 2215 ἐφέηκα,
588 2161 649 2221 quo
672 2139 705 2199 id
727 2139 919 2218 potissimum
940 2139 1105 2200 Acontium
1129 2140 1344 2221 deplorantem

223 2241 372 2312 facerem,
405 2241 489 2322 quod
517 2242 610 2302 talem
639 2240 805 2321 Cydippae
834 2241 1036 2304 metuendi
1065 2262 1240 2303 caussam
1276 2263 1342 2323 pa·

222 2351 359 2403 resset.
405 2351 436 2401 at
458 2362 541 2402 nuno
562 2343 706 2423 praefero
730 2337 874 2402 ε’πέσεισα.

305 2443 427 2504 Eodem
448 2446 516 2506 loco
538 2443 704 2505 Aeantium
732 2444 772 2504 de
796 2445 942 2527 Oydippa
964 2446 1143 2520 sollicitum,
1175 2466 1216 2506 ne
1237 2447 1343 2506 Diana

183 2549 185 2553 ’
224 2547 377 2606 effectrice
404 2548 437 2605 in
459 2548 543 2607 vitae
573 2546 737 2606 discrimen
769 2555 901 2609 ventura
923 2548 977 2621 sit,
1005 2548 1061 2607 has
1092 2567 1201 2627 preces
1230 2549 1342 2609 fecisse

223 2646 422 2708 crediderim:

374 2743 486 2826 πότμον
508 2740 650 2808 ε’λινύσειε
672 2739 748 2824 δύην
771 2739 802 2805 d’
826 2737 997 2808 ἆπόθεστον
1017 2739 1151 2809 ιἰλοὶλιιοι.
1355 2763 1408 2804 xrv

222 2868 299 2928 haec
322 2869 450 2929 enimin
464 2888 559 2928 unum
573 2869 719 2929 videntur
741 2868 967 2949 componenda.
1002 2867 1131 2928 Suidas:
1154 2862 1340 2939 ἐλινύονιας·
1380 2877 1385 2886 ’

223 2966 437 3047 διατρίβοντας.
460 2958 480 3046 ἢ
502 2966 732 3048 λγχρονίζονιας.
760 2967 813 3028 καὶ

372 3065 486 3150 πότμον
509 3061 669 3132 ἔλινύσειεν

289 3340 309 3406 ¹)
328 3343 361 3394 V.
380 3343 533 3393 Hermanni
562 3343 647 3410 Orph.
669 3359 697 3408 p.
716 3343 766 3393 700
784 3341 820 3392 ad
843 3341 961 3392 Theocr.
979 3342 1055 3392 XXV
1073 3345 1123 3394 201
1143 3346 1171 3394 et
1192 3360 1218 3409 p.
1237 3346 1288 3396 704
1306 3345 1342 3394 ad

222 3425 347 3492 Apellen.
366 3427 380 3476 I
399 3429 464 3478 1297
488 3427 665 3479 et1v1145.
689 3427 723 3478 de
747 3428 870 3478 brevium
898 3425 1068 3492 syllabarum
1090 3429 1340 3480 inconsonantem

224 3511 379 3561 exeuntium
401 3511 581 3577 productione
605 3528 622 3562 a
645 3511 816 3563 Callimacho
842 3509 969 3562 adhibita
991 3513 1029 3563 cf.
1053 3512 1175 3566 Meinek.
1199 3514 1280 3565 distr.
1306 3514 1341 3565 ad

223 3592 333 3648 Gallim.
351 3595 380 3644 in
399 3595 460 3649 Cer.
478 3599 519 3647 22.

287 3696 309 3758 ²)
328 3697 445 3763 Legitur
461 3696 508 3747 ille
526 3713 622 3748 versus
639 3713 695 3748 non
712 3698 799 3749 solnm
816 3698 890 3748 binis
903 3699 1059 3751 anecdoton
1071 3699 1195 3751 Grameri
1207 3700 1258 3751 Ox.
1271 3700 1341 3753 locis

223 3795 289 3844 quos
306 3781 465 3832 Meinekius
487 3785 612 3846 notavit,
635 3783 786 3834 sedetiam
806 3787 887 3848 etym.
908 3783 976 3836 Gud.
995 3799 1017 3834 s.
1035 3799 1062 3834 v.
1082 3777 1225 3850 εἱστήκειν
1247 3801 1272 3850 p.
1292 3786 1341 3836 173

292 3857 322 3929 ἐξ
341 3852 376 3916 οὖ
394 3865 444 3918 not
462 3857 568 3932 ἑστήξω
586 3857 602 3917 ὁ
620 3861 739 3932 μέλλων,
758 3863 809 3918 nat
827 3857 842 3917 ὁ
861 3863 993 3933 ποιητής·
1015 3857 1233 3934 instigatoriis&
1247 3870 1341 3936 τεῖχος

223 3939 270 4000 ἐπ’
287 3939 434 4016 ἀρχαίοισι
453 3951 610 4017 θεμελίοις.
645 3949 714 4003 illud
733 3950 881 4016 θεμελίοις
897 3952 1007 4004 videtur
1026 3952 1061 4003 ad
1084 3952 1192 4019 θεμεί
1198 3954 1272 4012 λαις
1294 3970 1340 4004 ra·

221 4035 322 4088 ricrem
333 4051 429 4088 vocem
442 4036 551 4090 ducere.
575 4037 732 4100 Hesychius
750 4031 885 4102 θέμειλα·
899 4031 1031 4103 θεμέλια.
1055 4041 1084 4088 et
1096 4037 1268 4089 Callimacho
1282 4039 1338 4104 epi-

222 4121 413 4186 grammatarii
431 4135 538 4186 quoque
557 4136 619 4171 eam
636 4137 733 4173 vocem
746 4122 847 4172 debere
860 4121 996 4174 videntur.
1015 4123 1052 4173 cf.
1068 4124 1144 4174 anth.
1158 4126 1189 4176 P.
1203 4139 1266 4189 app.
1279 4125 1337 4184 270,

221 4206 244 4267 3,
263 4205 303 4255 IX
315 4207 373 4264 649,
393 4207 418 4268 1,
436 4205 500 4256 XIV
519 4206 575 4268 115,
597 4207 611 4254 1
630 4210 659 4256 et
676 4206 792 4272 Paulum
810 4205 1001 4258 silentiarium
1014 4206 1181 4258 Callimachi
1200 4206 1337 4257 aemulum

220 4286 352 4340 lectorem
370 4289 457 4342 deser.
476 4289 503 4340 S.
522 4283 606 4355 Soph.
623 4283 658 4345 v.
670 4291 734 4356 186,
753 4291 816 4354 180,
836 4292 896 4342 ato.
933 4297 1054 4343 ceterum
1072 4286 1210 4356 θέμειλον
1228 4296 1257 4341 et
1275 4289 1338 4341 Gal-

219 4370 277 4425 lim.
295 4374 325 4423 in
336 4374 420 4424 Dian.
434 4374 483 4424 248
502 4374 709 4425 commendatur
726 4375 828 4425 Veneti
847 4380 875 4426 et
892 4376 976 4444 Regii
993 4376 1137 4440 (Parisini)
1160 4375 1339 4427 auctoritate.
