3284 5158
699 429 909 496 „gom

246 605 348 684 potius
371 604 544 682 significare
566 602 711 664 arbitrer:
734 604 790 664 sed
805 623 919 663 morem
943 606 971 664 ei
986 625 1050 663 non
1073 612 1245 682 gesserunt.
1277 603 1361 684 quod

245 707 285 766 de
310 705 357 766 dis
381 705 494 764 dictum
516 713 589 784 puto
613 706 717 786 aliqua
739 714 811 764 ante
834 713 1067 786 commemorata
1089 707 1278 785 precatione.
1322 708 1361 766 cf.

247 806 367 867 Callim.
386 807 419 866 in
434 808 506 866 Del.
524 815 583 869 116.
614 827 650 866 ac
670 805 762 866 video
784 809 843 867 hoc
863 808 921 885 frg.
938 807 1048 867 eadem
1063 809 1183 867 ratione
1206 829 1224 866 a
1238 809 1361 868 Boisso·

245 908 339 968 nadio
364 909 405 968 ad
428 908 547 970 Gallim.
571 930 603 989 p.
619 915 669 971 207
685 929 732 988 sq.
756 909 913 988 explicari.
959 909 1048 968 aliter
1069 909 1231 970 Heckerus
1255 929 1361 970 comm.

246 1011 286 1070 de
309 1010 394 1069 anth.
419 1010 473 1072 Gr.
497 1018 566 1073 1843
587 1030 618 1088 p.
641 1018 704 1072 269.

331 1111 486 1172 Continuo
501 1111 642 1194 Athenas
658 1113 737 1191 petit
754 1112 1013 1172 adulescentulus.
1058 1114 1141 1194 quod
1164 1114 1237 1173 licet
1258 1115 1363 1174 rhetor

245 1235 309 1274 non
333 1221 560 1286 commemoret,
597 1215 721 1274 omnino
749 1234 832 1273 nunc
860 1213 1017 1273 dimittens
1045 1215 1212 1274 Aeantium
1239 1215 1284 1276 ad.
1307 1236 1363 1274 nu-

245 1317 376 1395 ptiarum
403 1335 501 1395 usque
534 1317 736 1388 mentionem,
773 1315 870 1376 latere
902 1324 1005 1376 tamen
1035 1316 1164 1376 vidimus
1197 1318 1230 1375 in
1259 1317 1362 1376 verbis

155 1487 156 1490 Ἴ
245 1409 419 1492 μαθήσομαι
441 1407 534 1491 μόνον
558 1437 584 1478 c.
603 1438 633 1497 q.
650 1438 674 1477 s.
703 1418 808 1497 itaque
830 1418 911 1476 hanc
934 1436 1055 1498 quoque
1078 1437 1142 1476 rem
1158 1416 1362 1478 Callimachus

245 1519 378 1598 praeivit
400 1526 512 1597 poetae
528 1519 650 1578 Latino.
674 1519 700 1578 is
717 1520 798 1578 enim
821 1518 859 1578 ab
875 1519 1008 1578 Acontio
1031 1519 1063 1576 in
1081 1518 1247 1598 Cydippae
1262 1520 1363 1597 patria

244 1620 319 1680 urbe
342 1627 486 1680 versante
509 1620 672 1699 epistulam
692 1620 781 1701 fingit
803 1620 843 1679 ad
866 1620 950 1679 illam
968 1619 1127 1699 perscribi,
1150 1619 1183 1678 id
1200 1629 1247 1680 est
1268 1621 1300 1678 in
1325 1640 1361 1680 eo

245 1741 345 1781 rernm
362 1720 476 1800 gradu,
500 1721 540 1781 ad
563 1741 653 1801 quem
675 1742 760 1782 nunc
780 1723 978 1802 pervenimus
1002 1720 1073 1781 dum
1095 1720 1220 1781 fabulae
1243 1741 1362 1782 cursum

245 1824 410 1904 sequimur.

329 1926 395 1985 Iam
411 1924 493 1984 enim
508 1945 565 1984 nos
582 1945 649 1984 cum
660 1925 859 1986 Aristaeneto
876 1924 1054 1985 subitarium
1069 1945 1239 2005 parumque
1255 1927 1364 1985 scitum

244 2027 406 2087 transitum
428 2026 597 2086 adhibente
621 2035 651 2086 et
680 2047 746 2086 cum
774 2027 842 2107 ipso
872 2028 964 2086 etiam
987 2025 1173 2088 Callimacho
1199 2026 1308 2087 eodem
1330 2027 1363 2086 ni

246 2128 338 2188 fallor
359 2147 460 2188 rerum
482 2128 592 2188 ordine
614 2128 671 2187 sed
694 2137 759 2188 arte
783 2129 943 2208 aliquanto
964 2131 1081 2188 maiore
1098 2148 1153 2188 uso
1178 2128 1218 2187 ad
1242 2149 1279 2188 ea
1294 2149 1363 2208 per-

245 2231 343 2308 gimus
365 2228 548 2309 repetenda,
573 2251 652 2311 quae
672 2230 796 2290 interim
819 2229 983 2311 Cydippae
998 2229 1079 2290 Delo
1101 2250 1263 2308 regressae
1285 2231 1363 2291 acci·

246 2330 358 2391 derant
380 2339 453 2391 ante
477 2352 567 2412 quarn
581 2333 732 2392 Acontius
754 2332 895 2393 Athenas
918 2340 1059 2392 venerat.

331 2433 376 2515 Τῇ
406 2429 437 2492 δὲ
463 2432 607 2515 Κνδίππγ
638 2423 712 2509 πρός
741 2430 840 2511 ἕτερον
869 2423 1056 2510 ηότρεπίζετο
1083 2425 1186 2511 γόμος.
1228 2431 1279 2491 καὶ
1306 2421 1364 2512 πρό

245 2535 296 2610 τῆς
318 2528 467 2606 παστάδος
488 2524 541 2594 τόν
562 2525 705 2614 ὑμέναιον
727 2520 801 2618 ᾖδον
824 2534 859 2593 αἱ
875 2528 1092 2612 μουσικώτεραι
1120 2533 1180 2593 ταῖν
1203 2531 1363 2614 παρθένων

245 2633 296 2694 καὶ
311 2629 586 2714 μειλιχόφωνοι
608 2637 695 2696 τοῦτο
719 2627 756 2713 δὴ
773 2636 920 2713 Σαπφοῦς
942 2627 975 2694 τό
990 2627 1112 2711 ἥδιστον
1135 2631 1266 2713 φθέγμα.
1296 2623 1362 2694 ἀλλ’

245 2733 333 2814 όῖφνω
356 2732 515 2815 νενόσηκεν
537 2729 557 2816 ἡ
579 2743 665 2814 παῖς,
688 2736 739 2797 καὶ
761 2729 835 2817 πρός
858 2728 990 2813 ἐκφορὰν
1012 2725 1078 2794 ἀντὶ
1101 2737 1313 2815 νυμφαγωγίας
1336 2737 1368 2796 οἷ

208 2917 212 2924 ¹
245 2835 379 2911 τεκόντος
402 2834 512 2920 inipetu.
559 2840 767 2902 Callimachea
781 2843 874 2920 igitur
889 2839 1029 2900 condivit
1052 2839 1192 2917 sophista
1208 2839 1362 2918 Sapphus,

245 2954 279 3004 ut
301 2943 551 3023 supraHesiodi‚
576 2944 737 3003 ambitiosa
758 2944 926 3003 mentione.
970 2961 1030 3000 nec
1051 2959 1126 3000 vero
1147 2942 1232 3001 illam
1255 2940 1363 3000 credas

245 3047 344 3126 ipsam
373 3047 401 3106 ei
428 3047 609 3125 inspectam.
654 3045 853 3125 impudenter
882 3045 965 3106 enim
993 3043 1199 3122 despoliatum
1220 3041 1364 3102 observa·

245 3155 317 3206 runt
346 3147 566 3208 Philostratum
594 3168 661 3208 sen.
690 3149 802 3226 imagg.
826 3149 861 3208 Π
885 3158 915 3209 l:
933 3191 940 3206 .
955 3191 962 3205 .
977 3192 984 3206 .
998 3191 1005 3204 .
1021 3143 1161 3202 τοσοῦτον
1183 3129 1365 3219 ἁμιλλῶνται

246 3240 420 3326 όοόοπήχεις
456 3245 507 3306 καὶ
547 3243 721 3320 ἑλικώπιδες
759 3245 810 3306 καὶ
844 3238 1043 3330 καλλοπόρῃοι
1075 3241 1126 3303 καὶ
1157 3243 1365 3322 μελίφωνοο

246 3351 394 3426 Σαπφοῦς
421 3349 506 3409 τοῦτο
531 3340 567 3426 δὴ
590 3340 622 3410 τό
645 3345 768 3426 ἥδιστον
789 3341 996 3428 πρόσφθεγμα.
1009 3346 1034 3426 ¹)
1079 3349 1200 3428 utrique
1223 3348 1366 3427 scriptori

246 3453 329 3515 idem
353 3473 421 3514 esse
444 3453 600 3533 proditum
623 3454 766 3534 Sapphus
789 3453 930 3527 verbum,
963 3471 1053 3512 nemo
1082 3451 1173 3510 facile
1204 3448 1364 3509 dubitabit.

246 3565 339 3637 atque
363 3555 461 3615 codex
482 3555 673 3615 Aristaeneti
696 3548 737 3615 ne
759 3554 853 3614 habet
876 3554 1001 3635 quidem
1023 3545 1252 3630 μειλιγόφωνοι,
1285 3571 1366 3632 quae

246 3659 377 3718 Mercari
400 3657 578 3716 coniectura
601 3665 662 3731 est,
693 3656 750 3717 sed
772 3653 992 3732 μειλιχίφανοι,
1024 3655 1108 3714 unde
1137 3653 1296 3714 Iacobsins
1325 3652 1365 3711 ad

246 3760 392 3819 Philostr.
416 3767 499 3818 recte
517 3759 619 3817 effecit
632 3752 834 3834 petlpmvor.²)
870 3757 954 3816 cuius
971 3756 1169 3816 correctionis
1186 3757 1366 3814 confirmant

246 3861 408 3922 veritatem
431 3881 511 3942 quae
534 3859 637 3920 addit:
671 3879 761 3918 vocem
777 3863 915 3933 apaetria
931 3861 1028 3916 Lesbia
1043 3863 1182 3916 inventam
1197 3858 1365 3914 adeundam

314 4044 333 4109 ¹)
352 4047 503 4111 Vtrumque
521 4046 611 4096 locum
630 4059 709 4108 quam
725 4044 825 4094 misere
843 4058 897 4092 non
911 4042 1037 4108 ceperint
1054 4042 1219 4107 interpretes
1231 4037 1364 4100 nonnulli,

248 4147 280 4181 cx
297 4130 463 4182 Boissonadi
481 4130 554 4180 notis
571 4127 667 4179 videre
686 4128 763 4178 licet.

253 4227 255 4232 ·
313 4215 335 4279 ²)
354 4215 457 4266 Contra
476 4215 561 4264 reicio
581 4218 689 4264 ceteras
708 4212 830 4263 ciusdem
848 4213 1024 4271 mutationes,
1044 4211 1142 4276 quibus
1160 4209 1189 4259 id
1206 4205 1294 4257 voluit
1305 4205 1364 4255 vio-

247 4298 348 4350 lentius
367 4298 494 4361 efficere,
519 4304 549 4348 nt
566 4297 676 4361 singula
693 4297 862 4347 Aristaeneti
883 4297 969 4347 verba
992 4292 1185 4345 Philostrateis
1208 4289 1365 4341 accuratius

246 4384 273 4434 h.
291 4383 311 4435 l.
331 4377 536 4449 responderant.
573 4383 676 4432 etenim
694 4381 785 4432 solent
802 4382 850 4432 isti
867 4380 1002 4432 variando
1020 4378 1133 4428 imitari.
