3284 5158
317 1715 535 1815 Epistularum
548 1734 770 1796 Ovidianarum
784 1737 850 1795 XX
859 1741 894 1796 'et
906 1737 989 1797 XXI
1004 1737 1044 1797 ad
1060 1759 1138 1818 quos
1153 1740 1220 1799 fere
1237 1739 1350 1818 dirige·

232 1839 296 1879 rem
318 1823 533 1881 recensionem
555 1820 650 1881 libros
673 1822 913 1900 seposuimanu
935 1824 1065 1902 scrIptos
1088 1843 1159 1898 sex,
1183 1825 1349 1904 impressos

232 1904 302 1964 duo.
348 1927 475 1985 quorum
504 1905 629 1985 quidem
656 1914 776 1985 partem
803 1907 841 1965 ab
869 1907 953 1967 XXI
976 1917 1009 1970 12
1037 1907 1158 1968 demum
1186 1909 1346 1983 advocavi,

232 1991 378 2069 quoniam
399 1990 511 2050 abhinc
539 1992 747 2071 antiquiorum
774 1991 913 2051 codicum
940 1993 1053 2052 auxilio
1076 1994 1241 2072 privamur.
1278 2003 1350 2054 sunt

232 2083 332 2134 autem
361 2074 559 2154 epistularum
587 2075 709 2135 codices
731 2076 764 2134 in
789 2075 865 2136 dnos
889 2076 1013 2136 ordines
1035 2078 1117 2137 inter
1145 2097 1179 2136 se
1206 2077 1348 2138 diversos

231 2159 437 2220 describendi.
467 2179 599 2239 namque
615 2161 700 2239 prior
716 2180 819 2220 eorum
836 2168 896 2235 est,
922 2161 974 2241 qui
988 2163 1063 2221 licet
1078 2161 1191 2222 crebris
1206 2182 1349 2222 versuum

231 2243 401 2304 subditiciis
437 2243 657 2304 additamentis
694 2246 863 2325 antiquitus
898 2246 979 2305 aucti
1007 2247 1070 2306 sint
1103 2247 1349 2327 inveteratisque

230 2329 351 2388 mendis
380 2327 462 2388 hand
492 2337 631 2403 careant,
666 2337 770 2389 tamen
798 2330 892 2408 longe
919 2331 1119 2409 integriorem
1145 2332 1273 2391 formam
1302 2353 1348 2391 re·

230 2423 442 2493 praesentent.
486 2415 519 2472 in
543 2414 586 2473 eis
608 2433 700 2487 vero,
726 2414 780 2494 qui
803 2414 929 2474 alterius
952 2417 1076 2493 generis
1099 2425 1185 2490 sunt,
1208 2417 1348 2495 interpo-

229 2498 303 2557 latio
334 2507 364 2557 et
392 2500 546 2576 corruptio
574 2496 766 2557 librariorum
795 2519 866 2557 cura
889 2508 984 2579 atque
1006 2501 1125 2560 incuria
1146 2520 1204 2579 per
1224 2501 1349 2560 saecula

231 2582 299 2642 XII
327 2584 412 2642 XIII
440 2584 519 2644 XIV
548 2591 699 2662 concepta
733 2583 870 2661 singulos
899 2603 1005 2642 versus
1034 2585 1124 2663 peius
1153 2584 1347 2645 deformavit.
1421 2626 1430 2638 ·

230 2676 261 2725 at
284 2667 405 2727 abicere
427 2668 483 2726 hos
505 2687 570 2726 non
592 2666 714 2740 licebat,
739 2667 885 2746 quoniam
904 2668 987 2746 prior
1010 2668 1115 2727 classis
1138 2668 1190 2726 vel
1205 2688 1347 2727 versuum

231 2771 280 2830 ep.
303 2752 369 2811 XX
393 2760 424 2812 et
444 2752 527 2811 XXI
551 2761 643 2813 1-12
670 2752 828 2830 permultis
858 2760 952 2810 caret..
998 2761 1029 2811 et
1057 2753 1109 2832 qui
1138 2752 1263 2831 quidem
1284 2771 1347 2811 me-

228 2837 314 2895 lioris
337 2837 400 2896 sint
421 2837 545 2915 generis
570 2835 629 2896 dno
652 2844 770 2895 tantum
791 2834 862 2894 libri
882 2835 1097 2896 innotuerunt.

314 2918 430 3000 1(P1)
461 2921 619 2980 Parisinus
650 2922 739 2980 catal.
763 2941 795 2980 n.
817 2927 887 2983 8242
902 2917 1133 3000 (Puteaneus),
1168 2921 1252 2981 cuius
1275 2940 1347 2980 oon-

228 3005 377 3064 lationem
406 3005 446 3064 ad
475 3025 527 3065 eos
551 3006 604 3085 qui
627 3004 802 3064 attinebant
823 3024 930 3065 verens
952 3006 1082 3065 Henrici
1103 3006 1190 3065 Keili
1213 3006 1348 3065 comitati

229 3088 339 3149 debeo.
384 3091 549 3170 descripsit
571 3089 652 3150 hunc
673 3090 782 3150 librum
804 3090 962 3150 Merkelus
984 3091 1017 3149 in
1041 3089 1135 3150 Ovidi
1157 3091 1204 3148 sui
1225 3099 1306 3148 tomo
1331 3091 1348 3149 I

228 3176 326 3253 praef.
350 3195 382 3253 p.
405 3177 457 3235 III
472 3195 518 3255 sq.
544 3172 596 3254 (cf.
612 3175 648 3234 L.
670 3176 854 3234 Muellerum
875 3175 984 3254 philol.
1006 3175 1057 3255 ΧΙι
1078 3171 1270 3253 p.61sqq.).
1307 3173 1346 3232 de

229 3261 296 3318 aliis
325 3260 507 3339 quibusdam
534 3261 568 3318 in
597 3258 689 3318 dubio
718 3258 756 3318 ab
784 3260 836 3318 illo
866 3260 981 3319 relictis
1011 3259 1171 3318 certiorem
1195 3277 1245 3316 me
1274 3258 1348 3316 fecit

229 3344 377 3402 Alfredus
399 3343 556 3403 Holderus
579 3345 708 3418 amicus,
733 3343 785 3423 qui
809 3343 880 3402 dum
894 3343 1020 3403 Parisiis
1043 3352 1199 3402 strenuam
1222 3362 1348 3421 operam

228 3437 323 3486 navat
346 3428 468 3487 scholiis
491 3429 671 3488 Horatianis
694 3427 831 3487 codicem
852 3429 1046 3487 Puteanenm
1073 3446 1142 3486 mea
1171 3447 1279 3486 caussa
1300 3427 1347 3485 in·

228 3513 340 3590 spexit.
369 3511 463 3572 babet
478 3513 531 3573 ille
548 3514 698 3591 epistulae
714 3513 779 3571 XX
799 3533 906 3572 versus
928 3533 992 3572 non
1015 3513 1083 3592 plus
1108 3519 1166 3574 175.
1199 3531 1234 3570 ao
1249 3531 1279 3570 v.
1298 3520 1347 3574 175

228 3597 350 3656 ultimus
375 3605 421 3656 est
445 3595 487 3675 (v.
510 3595 558 3674 29)
588 3598 643 3656 foli
666 3606 701 3659 54
721 3599 813 3656 versi.
859 3607 1005 3657 secuntur
1031 3616 1130 3655 vacua
1158 3596 1233 3656 folia
1261 3597 1347 3655 char·

227 3689 316 3740 taces
339 3681 400 3741 duo
423 3679 664 3740 membranaceis
687 3682 884 3760 interposita,
908 3683 940 3740 in
964 3701 1092 3761 quorum
1113 3681 1216 3760 priore
1239 3679 1277 3738 ab
1299 3699 1347 3738 re-

228 3767 364 3824 centiore
385 3786 478 3826 manu
500 3767 645 3844 scriptum
669 3774 732 3824 est:
754 3770 863 3840 reliqua
885 3769 1063 3837 epactarum
1086 3769 1196 3823 desunt.
1240 3763 1347 3823 folium

227 3857 261 3911 57
288 3859 403 3910 rectum
430 3850 541 3930 incipit
570 3849 608 3909 ab
632 3869 690 3908 am.
714 3850 731 3908 I
752 3857 784 3923 2,
813 3861 862 3912 51..
895 3849 1115 3928 quaterniones
1143 3869 1226 3908 nunc
1252 3847 1348 3906 habet

226 3933 388 4008 undecim,
419 3934 528 4014 quibus
558 3933 630 3993 olim
657 3934 690 3991 in
717 3935 779 3993 fine
809 3934 862 3993 vel
886 3932 1083 3993 duodecimus
1113 3933 1163 3992 vel
1191 3933 1266 3992 folia
1288 3933 1347 3990 tria

229 4019 318 4097 (post
346 4019 401 4078 fol.
424 4023 476 4093 96)
505 4017 697 4078 accedebant
727 4017 786 4096 (cf.
816 4015 1017 4091 Merkelum),
1048 4018 1227 4097 quinionem
1254 4037 1347 4075 unum

228 4102 296 4179 (fol.
312 4102 448 4180 45-54).
485 4103 571 4162 unde
593 4103 737 4164 nonnihil
759 4102 958 4162 dubitationis
982 4103 1085 4175 oritur,
1109 4121 1181 4160 num
1202 4102 1261 4159 tria
1276 4101 1346 4159 soli-

226 4206 307 4265 vaga
337 4187 413 4247 folia
440 4188 525 4247 inter
552 4187 618 4248 aab
648 4195 679 4246 et
700 4196 762 4250 δῖα
792 4187 980 4260 exciderint,
1011 4206 1090 4267 quae
1118 4184 1273 4246 sententia
1300 4193 1347 4242 est

225 4273 357 4331 Luciani
379 4273 522 4332 Muelleri
550 4271 590 4330 de
618 4292 652 4331 re
680 4280 767 4333 metr.
790 4291 822 4350 p.
844 4273 881 4331 Ir.
906 4292 937 4351 p.
959 4281 1003 4332 44.
1048 4270 1108 4350 ipsi
1135 4270 1212 4328 alias
1240 4269 1347 4327 forsan

226 4356 308 4416 hanc
341 4358 557 4436 quaestionem
588 4375 655 4416 cum
690 4357 733 4414 eis
768 4377 848 4436 quae
882 4356 1049 4416 cohaerent
1081 4351 1346 4433 pertractabimus.
