3254 5158
708 461 919 524 ..τ4,.

257 635 392 694 καλοῦσι·
415 623 453 692 eri
468 630 509 707 δι’,
528 633 637 709 Θησεῦ,
653 629 716 710 ἐμοὶ
732 629 781 691 καὶ
800 623 946 702 Διόνυσος
963 629 1090 713 [pinarol
1119 619 1174 692 οὐκ
1190 626 1310 711 ἐβόμβει
1323 649 1370 694 σοι

256 733 291 794 τὰ
306 721 380 808 circ,
402 724 449 794 dte
465 757 492 795 c.
509 757 538 814 q.
555 757 579 795 s.
610 756 682 794 nam
696 736 739 794 ita
755 735 820 794 fere
835 735 913 794 haec
928 735 1073 795 videntur
1089 755 1157 794 esse
1174 736 1368 813 corrigenda.

340 839 468 897 Interim
490 837 622 896 Acontio
646 858 708 896 non
732 837 838 908 vineta
860 856 958 909 curae,
993 857 1057 895 non
1079 836 1151 912 ligo.
1175 836 1269 896 silvas
1292 838 1370 915 petit

256 948 287 999 et
309 938 466 999 arboribus
490 938 583 997 animi
606 938 713 996 effatur
736 935 891 996 desideria
913 959 949 996 ac
970 931 1132 998 tormenta.
1157 937 1271 996 etenim

213 1090 241 1130 xl
382 1069 568 1150 κουφοτέρως
589 1063 652 1130 τότε
674 1071 759 1146 φῶτα
781 1069 988 1148 ὅιαθλίβονσιν
1009 1061 1103 1145 ιἰνίοιι,

424 1170 456 1234 ἐκ
478 1169 509 1233 di
531 1165 712 1250 τριηκόντων
733 1175 840 1248 μοῖραν
861 1159 960 1248 νἰφῆκε
982 1173 1062 1250 μίαν,

382 1264 402 1352 ἢ
424 1275 511 1351 φίλον
532 1273 564 1333 οῖ
580 1265 625 1333 ‘dr'
650 1270 679 1345 ἐς
700 1265 796 1351 ἄνδρα
817 1270 1003 1354 συνέμπορον
1025 1264 1046 1350 ἢ
1065 1265 1115 1353 ὅγε
1138 1277 1253 1350 κωφοῖς

421 1367 513 1455 ἄλγεα
534 1367 708 1454 μοιψοιύροιις
729 1365 826 1453 ἅσχετ’
849 1365 889 1435 dv
910 1372 1018 1458 ἕξερὲῃ.

255 1568 307 1608 eos
338 1549 420 1606 enim
448 1568 553 1606 versus
585 1546 719 1626 (Gallim.
743 1547 801 1625 frg.
824 1544 871 1623 67)
902 1567 922 1604 a
944 1546 1079 1606 Stohaeo
1106 1546 1195 1606 floril.
1220 1545 1369 1608 cxnlo

254 1658 427 1708 asservatos
450 1651 524 1709 satis
547 1658 631 1708 certa
660 1668 717 1725 ego
747 1649 923 1707 coniectura
951 1648 1010 1706 huc
1037 1667 1166 1719 revoco,
1199 1647 1364 1726 Cydippae

253 1751 328 1810 illud
339 1751 480 1828 fragmen
492 1759 525 1809 et
535 1750 650 1809 ambitu
666 1757 696 1808 et
712 1749 818 1808 indole
834 1751 966 1810 omnium
976 1751 1069 1826 longe
1080 1748 1363 1807 luculentissimum.

254 1871 290 1911 ac
318 1861 404 1931 patet
433 1873 500 1912 cum
527 1853 627 1929 ipsum
649 1859 860 1929 argumentum
882 1859 944 1910 tum
968 1852 1059 1910 etiam
1080 1849 1203 1909 mollem
1225 1870 1368 1909 versuum

254 1954 387 2012 colorem
416 1954 448 2012 in
477 1960 673 2032 praesentem
701 1952 800 2012 locum
827 1953 991 2030 insigniter
1020 1953 1198 2012 convenire.
1243 1950 1366 2023 obicies,

255 2054 337 2132 quod
367 2073 396 2113 v.
419 2064 436 2114 2
458 2056 490 2112 in
520 2053 646 2131 etymol.
675 2072 713 2111 m.
736 2073 767 2131 p.
790 2062 851 2126 290,
875 2066 891 2116 5
912 2054 960 2113 his
988 2053 1143 2112 inducitur
1168 2051 1288 2113 verbis:
1318 2047 1368 2110 καὶ

253 2146 344 2212 πάλιν
367 2154 550 2230 Καλλίμαχος
572 2149 604 2212 ἕν
626 2155 687 2224 τοῖς
710 2148 846 2231 ἐλεγείοις

499 2302 530 2364 ἐκ
554 2302 586 2365 δὲ
607 2296 789 2383 τριηκόντων
810 2309 918 2382 μοῖραν
938 2293 1042 2380 dusiis
1063 2303 1143 2382 μίαν.

254 2467 286 2518 at
307 2459 364 2517 hac
385 2459 418 2517 in
440 2479 474 2518 re
496 2459 579 2518 miris
601 2458 786 2537 imaginihus
802 2459 860 2516 viri
884 2459 965 2518 docti
988 2467 1060 2517 sunt
1075 2458 1161 2518 elusi.
1207 2478 1278 2516 nam
1302 2479 1368 2519 cum

252 2561 414 2620 Ernestius
438 2569 469 2620 et
483 2547 708 2622 Valckenarius
731 2561 848 2618 animos
864 2560 1077 2632 induxissent,
1102 2558 1282 2620 Callimachi
1306 2561 1366 2620 ele·

253 2682 359 2738 gerum
382 2661 528 2741 quicquid
544 2670 721 2741 superesset
743 2662 782 2721 ab
804 2663 908 2722 aetion
930 2669 964 2720 ut
986 2680 1066 2740 quae
1080 2661 1212 2720 heroicis
1227 2661 1367 2722 versibus

254 2764 427 2841 conscripta
459 2764 591 2822 fuissent
619 2764 800 2842 fragmentis
828 2763 936 2822 sedulo
967 2782 1034 2822 esse
1063 2763 1302 2840 seiungendum,
1337 2773 1367 2824 et

253 2864 477 2925 Valckenarius
501 2865 593 2924 etiam
616 2884 696 2944 quae
718 2865 861 2924 invenire
883 2871 1006 2943 poterat
1033 2867 1183 2938 eleoiurum
1208 2865 1367 2939 fragmenta

252 2975 407 3046 tamquam
428 2967 518 3026 unius
542 2967 677 3045 corporis
694 2965 822 3025 disiecta
843 2965 978 3025 membra
998 2966 1032 3024 in
1048 2964 1180 3024 eundem
1195 2959 1368 3044 pravissimi

253 3068 363 3127 consili
396 3068 540 3147 pretique
574 3088 637 3126 non
671 3069 715 3126 ita
747 3068 851 3145 magni
878 3067 988 3126 librum
1017 3067 1227 3139 confersisset‚
1261 3067 1368 3126 relicui

251 3169 427 3229 Bentleium
439 3169 534 3230 secuti
546 3170 769 3248 veritatemque
782 3176 986 3247 agnoscentes
1000 3163 1137 3247 apertam
1149 3168 1231 3228 aetia
1243 3169 1368 3248 quidem

254 3270 408 3348 elegiacos
431 3291 573 3336 numeros
595 3269 740 3330 habuisse
763 3277 948 3342 statuerunt,
980 3269 1036 3328 sed
1059 3288 1121 3328 non
1144 3274 1241 3328 minus
1264 3279 1367 3330 tamen

254 3391 344 3450 quam
366 3372 411 3431 illi
433 3372 619 3451 peculiarem
635 3373 769 3451 aliquam
785 3371 952 3449 elegiarum
968 3390 1126 3450 sumpsere
1142 3371 1368 3431 conlectionem

254 3471 292 3529 ab
315 3472 404 3531 aetiis
428 3472 596 3544 diversam,
632 3491 692 3550 qua
713 3473 803 3551 lyrici
830 3472 932 3550 potius
962 3472 1045 3552 quod
1068 3472 1173 3532 dicunt
1196 3473 1367 3549 argumenti

254 3571 370 3650 elegias
387 3572 624 3653 comprehensas
639 3573 736 3633 fuisse
751 3582 945 3634 censuerunt.
981 3581 1012 3632 at
1026 3573 1118 3633 miror
1135 3573 1288 3653 equidem,
1312 3573 1366 3632 ho-

253 3694 319 3732 rum
340 3675 459 3733 nemini
481 3675 514 3732 in
538 3675 641 3734 oculos
664 3675 828 3736 incurrisse
852 3695 920 3734 eam
941 3676 1194 3754 repugnantiam,
1225 3674 1310 3754 quod
1333 3676 1367 3734 in

253 3775 441 3834 Bentleiana
455 3776 695 3856 fragmentorum
709 3776 848 3836 editione
864 3775 919 3835 suh
935 3778 1022 3836 titulo
1039 3771 1150 3855 ἐλεγεῖα
1165 3785 1235 3856 post
1250 3777 1366 3854 magni·

253 3875 329 3935 ficas
349 3877 515 3954 elegiarum
536 3877 700 3937 Battiadae
721 3877 830 3937 laudes
858 3877 896 3936 ab
928 3879 1062 3957 antiquis
1091 3878 1264 3938 auctoribus
1287 3879 1367 3938 cele·

253 3977 355 4036 bratas
377 3978 455 4036 nihil
479 3980 640 4057 quicquam
663 3978 702 4038 de
717 3978 928 4038 laudatissima
949 3980 1037 4057 poesi
1058 3979 1091 4037 in
1114 3978 1216 4039 medio
1231 3980 1367 4059 ponitur,

253 4087 377 4159 praeter
404 4099 497 4137 unum
519 4079 550 4138 id
574 4080 794 4158 fragmentum,
826 4079 909 4158 quod
933 4077 1099 4159 Cydippae
1126 4079 1157 4139 id
1187 4087 1233 4138 est
1261 4080 1366 4138 aetion

252 4179 331 4241 libro
347 4199 385 4238 111
407 4179 498 4239 modo
520 4180 753 4241 vindicavimus.
793 4201 861 4240 eum
881 4200 955 4240 vero
977 4200 1110 4239 errorem
1130 4181 1190 4239 iarn
1210 4177 1366 4238 liberrima

253 4282 331 4342 ratio
348 4301 409 4362 qua
422 4289 546 4341 veteres
562 4282 718 4359 elegorum
734 4282 963 4361 elegiarumque
977 4283 1105 4341 notione
1120 4289 1246 4341 utuntur
1260 4299 1365 4338 arcere

256 4382 398 4443 debebat.
449 4391 481 4442 at
508 4401 580 4443 vero
609 4382 734 4462 liquidis
764 4384 951 4461 argumentis
985 4383 1060 4463 quid
1092 4383 1137 4442 rei
1170 4388 1253 4442 esset
1284 4399 1368 4440 nunc
