3254 5158
707 474 915 538 ..75-

254 649 358 708 docuit
381 648 418 708 Ο.
436 646 643 708 Schneiderus
659 649 800 727 prolegg.
823 648 856 708 iu
872 656 932 706 act.
948 668 979 727 p.
999 659 1070 728 lsq.
1114 653 1152 706 ila
1174 653 1245 708 emim
1268 652 1365 719 iudico,

252 755 399 825 clepiaram
424 751 670 810 Callimachearam
688 751 852 826 srapmenla
873 753 899 808 si
918 753 1029 824 quamdo
1057 755 1085 808 im
1107 753 1184 809 librat
1204 755 1262 811 sois
1283 770 1364 809 asar-

247 857 516 928 pancratiariorum
546 870 602 910 mom
629 854 731 926 alapiae
757 855 808 910 scd
836 855 927 926 aliquo
947 855 1065 927 proprio
1086 855 1238 927 clepiaram
1256 857 1367 912 'nomine

251 971 316 1013 asor
330 971 398 1012 esse.
436 956 510 1028 qaod
530 972 585 1011 mon
607 957 644 1010 ila
666 969 741 1011 nanc
761 957 873 1028 inlellipi
886 957 953 1024 oola,
976 957 1059 1028 quusi
1070 971 1152 1012 raam
1167 958 1265 1030 acrique
1277 955 1367 1029 faerit

251 1059 354 1131 alapiae
367 1059 518 1130 proprium
540 1072 647 1126 mamea,
670 1074 836 1131 quamquam
859 1075 877 1112 a
900 1059 1011 1113 oerilalc
1032 1071 1067 1113 nc
1088 1057 1140 1114 lzoc
1161 1058 1269 1130 quidem
1280 1060 1367 1130 plone

251 1160 396 1229 obhorret,
423 1164 453 1215 al
475 1159 552 1215 docel
574 1159 711 1232 Cydippe,
741 1159 837 1214 doceat
864 1176 881 1213 ο
905 1158 991 1214 Saido
1019 1161 1124 1215 cervoli
1150 1161 1218 1215 titali
1242 1176 1316 1215 amas
1342 1167 1369 1216 el

251 1263 331 1330 oller,
354 1261 425 1316 νεῖαι
441 1247 575 1328 Ἐλπίδος
585 1254 618 1332 ¹),
647 1259 702 1324 red,
718 1264 800 1316 lolam
822 1262 972 1334 elegiacam
995 1261 1242 1318 Callimacheoram
1265 1276 1367 1333 corpas

246 1369 364 1436 praeter
383 1353 530 1417 ἐπινίκιον
558 1346 725 1436 ἐλεγειακὸν
746 1356 787 1429 εἰς
810 1357 960 1436 Σωσίβιον
982 1368 1009 1418 et
1028 1349 1183 1436 alcimio
1206 1358 1366 1439 Βερενίκης

252 1472 278 1521 el
298 1465 325 1520 si
343 1479 414 1537 qaas
435 1465 507 1520 olias
522 1464 623 1536 clepias
637 1463 726 1519 oblato
740 1464 856 1520 solemni
876 1465 969 1538 aliquo
984 1465 1127 1520 occasione
1138 1471 1220 1537 poeto
1242 1465 1365 1536 scripsit,

250 1569 388 1622 communi
405 1572 472 1637 palo
494 1559 605 1620 Αἰτίων
627 1567 735 1620 nomine
755 1565 982 1637 comprehensam
1001 1565 1098 1637 sahso,
1120 1567 1138 1621 i.
1161 1579 1184 1621 e.
1209 1565 1370 1623 Callimachi

250 1670 351 1741 alapiae
372 1685 427 1724 κον
451 1666 542 1739 sitisse
563 1667 688 1722 diversas
715 1667 750 1721 oo
776 1683 807 1722 eo
830 1674 930 1738 poetae
952 1667 1020 1722 libro
1048 1681 1133 1739 saepe
1159 1668 1285 1735 madoco,
1313 1684 1366 1739 qao

249 1772 302 1838 ille,
321 1787 374 1842 per
387 1772 521 1825 samniam
537 1769 681 1840 abreptam
702 1784 734 1825 se
755 1785 771 1825 e
791 1769 879 1840 Libya
901 1771 930 1824 ia
945 1768 1104 1825 Heliconem
1127 1775 1242 1824 moniam
1264 1774 1366 1824 etcum

250 1872 339 1928 Maris
370 1873 563 1943 colloquentem
589 1872 713 1944 stupens,
746 1872 874 1926 morrooil
905 1885 977 1942 quae
998 1870 1098 1926 Musae
1119 1863 1260 1946 εἰρομένῳ
1287 1857 1363 1943 ἄμφ’

251 1959 387 2048 ὦγνγίων
397 1955 520 2044 Ἡρώων
535 1967 617 2028 αἴτια
638 1965 689 2026 καὶ
711 1960 854 2046 μακάρων
871 1961 951 2047 εἷρον
967 1958 1169 2045 ἆμειβόμεναι,
1190 1977 1221 2027 al
1234 1975 1277 2027 est
1291 1971 1369 2043 apud

250 2078 382 2131 incertum
400 2081 510 2148 poclum
532 2077 561 2129 in
582 2073 690 2130 Anthol.
708 2051 806 2127 ΙΡκ1ο1.
835 2067 1007 2148 V11‚,4a²).
1052 2069 1242 2131 Schneidero
1266 2081 1367 2129 autem

252 2176 304 2254 qui
326 2173 506 2234 adversatus
531 2183 577 2234 cst
598 2173 752 2232 Rauchius
775 2173 889 2232 fumum
911 2173 1029 2233 vendit.
1066 2174 1092 2233 is
1109 2173 1191 2232 enim
1213 2173 1245 2231 in
1260 2172 1366 2231 libello

252 2276 291 2335 dc
314 2276 403 2335 actiis
426 2277 538 2354 scripto
562 2296 592 2355 p.
615 2284 632 2338 9
654 2295 721 2334 oum
742 2274 819 2333 illud
842 2275 899 2352 frg.
931 2273 970 2333 dc
995 2294 1054 2354 quo
1079 2295 1161 2333 nunc
1184 2276 1281 2352 agitur
1304 2284 1367 2334 tum

251 2379 330 2456 irgg.
341 2389 370 2440 11
381 2385 411 2436 et
420 2386 467 2440 106
480 2377 706 2457 epigrammatis
718 2377 834 2435 mavult
846 2375 1032 2449 adscribere,
1046 2396 1228 2456 quamquam
1240 2377 1366 2436 istorum

251 2480 491 2557 fragmentorum
514 2498 593 2559 quaa
618 2479 750 2537 omnium
774 2487 846 2536 sunt
873 2479 939 2536 faro
961 2478 1151 2538 nobilissima
1172 2479 1249 2537 ratio
1273 2486 1366 2556 atqua

250 2581 372 2641 indoles
397 2589 511 2660 quanto
535 2600 630 2660 opere
659 2579 696 2638 ab
728 2580 979 2658 epigrammatum
1003 2579 1181 2640 Callimachi
1204 2587 1312 2656 arguta
1335 2587 1365 2637 et
1418 2597 1419 2601 ’

251 2683 397 2742 adstricta
420 2681 570 2741 brevitate
594 2682 756 2742 abhorreat
779 2680 840 2740 dici
862 2683 916 2740 vix
930 2689 1043 2759 potest.
1061 2689 1092 2739 et
1107 2681 1166 2758 frg.
1186 2692 1212 2742 11
1240 2679 1365 2758 quidem

250 2805 269 2843 a
284 2783 418 2844 Stobaeo
440 2783 504 2843 flor.
522 2783 610 2845 CXV
626 2794 655 2845 11
675 2782 850 2859 assignatur
871 2781 912 2862 τῷ
935 2773 1039 2861 πρώτῳ
1062 2775 1152 2854 ἐπῶν,
1175 2782 1195 2839 i.
1213 2800 1239 2839 c.
1255 2777 1365 2837 αἰτίων.

157 2921 162 2927 -
249 2887 330 2946 hanc
364 2886 446 2945 enim
478 2885 603 2944 Bentlei
641 2882 891 2943 emendationem
928 2901 1018 2941 nemo
1053 2882 1145 2941 facile
1182 2880 1366 2961 permutabit

250 2988 430 3048 Rauchiana
457 2979 693 3063 ἐπιγραμμάτων.
739 3004 774 3043 ac
807 2985 934 3045 Stobaei
968 2983 1068 3043 codex
1096 2985 1266 3044 Vossianus
1300 3004 1366 3042 cum

96 3112 100 3121 ·
199 3133 201 3136 -
251 3089 357 3148 eodem
385 3090 453 3148 loco
477 3109 532 3167 pro
556 3089 645 3148 aetiis
669 3095 883 3146 commemorat
904 3082 1017 3163 ἐλεγεῖα
1044 3106 1149 3146 nonne
1178 3094 1209 3145 et
1236 3087 1304 3163 ipse
1328 3105 1364 3144 ao

252 3191 348 3267 ducit,
377 3201 411 3251 ut
436 3184 548 3267 ἐλεγεῖα
575 3190 614 3249 ab
642 3185 746 3259 αἰτίοις
768 3197 909 3268 putemus
931 3209 995 3248 non
1020 3187 1165 3247 diversa?
1194 3186 1366 3245 cavendum

318 3444 337 3508 ¹)
355 3447 398 3495 De
418 3461 449 3495 eo
468 3442 576 3510 quidam
594 3441 775 3493 titulo'aliter
793 3441 841 3491 illa
859 3441 957 3490 statuit
974 3442 1129 3507 nuperrime
1149 3440 1182 3490 da
1202 3439 1366 3491 Callimachi

250 3545 361 3595 operum
379 3528 476 3580 tabula
495 3532 548 3578 otc.
567 3543 593 3593 p.
613 3529 638 3578 9.

316 3631 338 3696 ²)
356 3632 419 3696 Ipse
433 3627 622 3680 Callimachus
640 3629 715 3680 aetia
733 3643 783 3678 sua
802 3629 920 3692 elegos
938 3627 1103 3692 simpliciter
1120 3627 1190 3676 dixit
1203 3628 1231 3676 in
1245 3644 1277 3678 eo
1290 3628 1366 3678 disti-

251 3717 316 3782 cho,
336 3732 388 3780 quo
406 3715 487 3764 finem
507 3714 577 3764 fecit
595 3727 754 3764 caussarum
773 3715 908 3778 prooemi,
934 3711 986 3776 frg.
1007 3713 1052 3760 121
1073 3711 1162 3774 (Pind.
1183 3713 1269 3764 schol.
1287 3714 1367 3764 Nem.

250 3800 289 3851 IV
308 3804 348 3864 10,
368 3801 404 3851 ci.
423 3814 496 3848 nunc
509 3797 648 3862 Tychonis
660 3798 821 3848 Mommsani
839 3796 926 3847 schol.
941 3796 1069 3846 German.
1088 3797 1117 3844 in
1130 3796 1208 3848 Pind.
1222 3797 1265 3850 Ol.
1278 3814 1304 3862 p.
1316 3797 1366 3860 X):

437 3893 534 3950 ittam
553 3896 615 3962 νῦν,
636 3891 756 3965 ἐλέγοισι
776 3888 806 3947 ‹l’
825 3887 1005 3962 ἒνιψήσαοθε
1024 3891 1147 3954 traduces

470 3987 567 4050 χεῖρας
586 3975 679 4047 ἐμοῖς,
701 3979 751 4032 ἵνα
770 3976 806 4047 δὴ
825 3973 916 4033 mooli
935 3976 1058 4047 μένωσιν
1077 3975 1147 4041 ἔτος.

251 4104 285 4138 ac
302 4085 372 4138 vidit
389 4087 446 4136 iam
464 4084 609 4136 Heckerns
628 4100 722 4137 comm.
743 4082 813 4134 Call.
832 4099 859 4148 p.
879 4084 911 4132 53
933 4082 982 4134 hos
1005 4098 1101 4133 versus
1125 4083 1159 4133 ad
1183 4084 1260 4134 aetia
1282 4085 1366 4149 perti·

250 4187 325 4222 nere.
344 4197 377 4208 -
396 4176 517 4221 ceterum
535 4170 608 4220 idem
626 4169 643 4219 l.
658 4185 682 4219 ο.
701 4186 726 4234 p.
741 4169 789 4218 143
807 4167 860 4232 frg.
874 4169 906 4216 67
929 4167 1018 4216 iunxit
1041 4183 1101 4218 cum
1119 4167 1284 4218 Callimachi
1307 4183 1367 4218 var-

249 4256 293 4306 bis
312 4255 385 4321 apud
397 4254 525 4320 Apollon.
544 4255 577 4304 dc
596 4269 673 4320 pron.
692 4270 718 4317 p.
731 4254 781 4302 399
801 4241 834 4301 e‘u‘
853 4265 896 4300 τοι
915 4245 1008 4317 κήδεα
1026 4245 1117 4314 λέξον.
1142 4252 1213 4316 quod
1231 4251 1266 4301 ob
1279 4239 1367 4315 111αῆ

249 4327 296 4390 ὅτε
314 4341 426 4405 κωφοῖς
445 4356 470 4390 ε.
490 4355 516 4404 q.
534 4354 557 4391 s.
593 4338 660 4388 ferri
682 4353 735 4386 non
758 4351 838 4400 posse
857 4335 887 4384 in
904 4337 998 4388 oculos
1016 4337 1139 4388 incurrit.
1174 4339 1321 4401 praeterea
1339 4351 1363 4386 v.
1452 4390 1455 4395 ,

250 4424 418 4476 Mainskium
436 4425 472 4474 ad
490 4422 601 4473 Gallim.
618 4411 645 4486 p
666 4423 713 4472 143
731 4436 771 4485 sq.
