3254 5158
656 437 866 498 ...41-

200 610 398 670 modoetiam
420 610 546 688 frg.184
568 609 628 669 huc
649 611 795 689 pertinet.
836 628 871 668 ac
886 607 984 668 simile
1008 608 1083 688 quid
1100 608 1321 670 Callimachum

201 714 233 772 in
255 711 456 771 Asinensium
478 712 602 771 nomine
624 713 682 790 frg.
707 723 754 773 151
772 720 1005 772 memoratorum
1020 710 1160 770 molitum
1175 732 1256 786 esse,
1282 733 1320 771 ex

202 815 246 873 eis
269 813 420 874 concludo
444 833 524 893 quae
547 815 580 872 in
603 821 695 893 etym.
718 835 758 872 m.
774 833 799 872 s.
819 813 850 872 h.
865 834 895 872 v.
919 813 1117 893 disputantur
1139 834 1208 873 cnm
1229 814 1321 873 frusti

202 916 286 975 illius
309 916 467 975 mentione
489 917 663 974 coniuncta.
687 917 726 974 cf.
749 923 781 974 et
794 915 933 993 Hesych.
956 935 981 974 0.
995 936 1026 974 v.
1037 903 1148 989 Ἀσίνη.
1185 917 1321 996 denique

202 1015 389 1077 Callimacho
408 1016 664 1076 Hemsterhusius
687 1017 726 1076 ad
748 1018 807 1096 frg.
833 1025 864 1080 19
886 1017 1040 1077 distichon
1061 1018 1232 1078 vindicavit
1253 1019 1320 1076 0100

206 1121 338 1179 00010110
362 1120 488 1178 nomine
510 1119 638 1179 allatum
660 1127 752 1200 etym.
775 1141 814 1178 m.
837 1139 868 1198 p.
891 1127 959 1194 372,
981 1128 1009 1180 4:

402 1223 486 1278 κεῖθι
509 1215 542 1280 δέ
562 1218 594 1278 οἱ
611 1214 714 1298 πρώτη
735 1210 826 1297 μαζόν
849 1209 940 1296 ἐτέσχ’
963 1215 1052 1300 ἕρίφη
1119 1234 1121 1242 ’

356 1317 446 1401 χωρὶς
468 1309 513 1380 dra
534 1314 709 1400 ἀνθρώπων
731 1317 783 1379 καὶ
805 1309 948 1396 ἕπωόμοιό
972 1317 1169 1401 Εἰροιφιοότην

202 1442 345 1521 idemque
368 1421 493 1502 videtur
516 1439 633 1501 Cobeto
657 1441 696 1500 ad
724 1440 755 1500 h.
778 1453 793 1503 1
821 1449 852 1499 et
873 1439 1017 1500 Hechero
1040 1461 1146 1500 comm.
1169 1441 1207 1500 de
1235 1443 1320 1502 anth.

204 1551 273 1605 1843
294 1563 325 1622 p.
350 1551 411 1605 186.
427 1575 468 1584 -
484 1542 568 1623 quod
589 1544 787 1603 inventorum
808 1561 907 1620 genus
929 1542 989 1600 iam
1010 1541 1098 1622 vides
1120 1535 1260 1602 manasse
1283 1563 1322 1602 ex

201 1644 303 1704 studio
332 1644 385 1703 illo
419 1645 656 1722 aetiologico
678 1644 804 1704 Graecis
833 1643 958 1722 penitus
986 1643 1141 1721 ingenito,
1170 1644 1226 1703 sed
1247 1643 1320 1703 Ale·

207 1747 361 1806 xandrino
385 1766 462 1805 aevo
485 1747 679 1806 artificiosius
701 1745 915 1823 curiosiusque
937 1744 1069 1804 exculto.

289 1848 406 1908 Verum
427 1848 520 1906 redeo
538 1847 578 1906 ad
593 1846 772 1920 Acontium,
797 1848 830 1905 in
853 1847 940 1906 00100
962 1846 1086 1906 nomine
1102 1846 1322 1908 Callimachum
1422 1849 1424 1856 ‘

203 1971 241 2010 ea
263 1970 325 2030 qua
347 1951 412 2008 dixi
426 1950 547 2010 ratione
568 1949 681 2008 lusisse
702 1957 767 2009 tum
780 1947 973 2008 Aristaeneti
987 1948 1089 2008 verbis
1111 1969 1206 2028 supra
1227 1950 1323 2010 deno·

205 2054 276 2111 tatis
298 2061 364 2110 tum
390 2059 501 2130 poetae
522 2071 581 2110 000
608 2050 697 2110 modo
720 2050 916 2129 comprobato
938 2051 1005 2109 veri
1033 2051 1132 2110 simile
1159 2052 1322 2111 evincitur.

202 2164 233 2213 01
263 2154 360 2225 enim,
390 2153 448 2212 hoc
477 2161 511 2212 ut
539 2152 664 2225 addam,
694 2174 769 2212 vera
796 2153 929 2212 nominis
958 2152 1135 2230 originatio,
1163 2152 1237 2213 licet
1264 2175 1322 2214 nec

200 2256 390 2314 Buttmanno
413 2275 471 2314 nee
492 2256 698 2314 recentiorum
713 2255 857 2335 cuiquam
877 2253 1040 2314 observata
1062 2256 1116 2327 011,
1140 2255 1224 2315 haud
1245 2265 1322 2334 puto

199 2357 292 2416 latuit
316 2355 545 2417 Callimachum.
577 2352 724 2436 'namque
741 2347 892 2426 Ἀκόντιος
919 2365 1026 2435 aperto
1057 2356 1261 2417 derivandum
1283 2358 1322 2417 ab

201 2446 379 2532 ἀκοντίζειν,
410 2460 534 2518 nomine
561 2459 599 2518 ab
628 2478 660 2517 re
689 2459 785 2532 faeta,
818 2480 887 2519 cum
914 2459 1066 2518 Acontius
1095 2460 1245 2519 100010101
1271 2461 1320 2533 011,

201 2563 320 2638 00111001
348 2562 431 2640 pomi
459 2556 654 2638 iaculator¹).
698 2561 782 2640 quod
805 2582 858 2620 cur
884 2561 983 2621 dicam
1005 2582 1068 2621 non
1090 2561 1206 2640 fugisse
1230 2561 1322 2621 Calli-

201 2665 359 2736 machum,
382 2663 463 2722 hanc
485 2663 559 2721 mihi
581 2663 657 2722 scito
681 2682 820 2722 caussam
842 2682 920 2722 esse.
958 2661 1090 2723 Ovidius
1098 2658 1124 2740 2)
1149 2665 1242 2737 enim,
1268 2664 1321 2742 qui

273 2865 293 2930 ¹)
310 2865 430 2917 Lucian.
449 2863 516 2914 dial.
527 2869 638 2914 meretr.
652 2863 704 2913 XII
718 2865 746 2913 1:
765 2857 845 2921 sitne
863 2855 895 2913 dl
913 2861 965 2912 τοῦ
982 2854 1074 2929 μήλου
1092 2852 1268 2914 duodenas.
1289 2900 1295 2914 .
1314 2901 1321 2916 .

202 2942 355 3016 προκόψας
367 2964 426 3007 πως
439 2937 578 3014 εὐστόχως
596 2940 817 3015 κροσεκόντιοας
831 2939 860 3007 ἐς
878 2940 929 2999 τὸν
940 2941 1047 3000 κόλπον
1060 2941 1157 3013 αὐτῆς.
1182 2949 1320 2998 Δ1101000.

201 3037 282 3086 125:
318 3027 475 3101 Heluetios
493 3028 525 3084 dl
543 3031 595 3085 coir
611 3028 703 3100 μήλου
722 3027 826 3100 μικρὸν
843 3025 1000 3084 ἀποδακών
1018 3024 1156 3097 εὐστόχως
1173 3023 1322 3098 ἧκόντιοεν

204 3114 246 3180 εἰς
265 3111 317 3171 τὸν
334 3111 441 3170 κόλπον
459 3110 580 3184 ἐκείνης.
1076 3158 1078 3164 ,

269 3204 291 3270 ²)
311 3204 464 3255 Ovidianas
484 3205 593 3271 quando
611 3203 674 3254 dieo
693 3202 828 3269 epistulas
846 3203 897 3254 XX
916 3208 944 3253 et
962 3202 1028 3254 XXI
1044 3203 1164 3254 hocnon
1176 3204 1230 3255 nisi
1248 3219 1322 3254 com-

205 3291 302 3341 modae
322 3290 469 3340 brevitatis
482 3305 583 3340 caussa
595 3288 656 3339 fieri
668 3289 800 3338 monitum
812 3287 897 3354 volo„
914 3289 978 3340 illas
998 3291 1069 3340 enim
1087 3290 1121 3340 ab
1139 3290 1237 3341 Ovidio
1256 3292 1323 3341 scri-

205 3379 269 3440 ptas
287 3390 341 3426 non
361 3391 421 3426 0000
441 3390 487 3424 000
506 3389 613 3440 quoque
631 3375 722 3441 ipsos,
742 3376 789 3439 qui
808 3374 890 3434 Ovidi
908 3375 1042 3440 epistulas
1061 3380 1089 3425 et
1106 3377 1196 3425 editas
1215 3391 1276 3426 esse
1296 3381 1324 3426 et

208 3460 290 3512 hodio
309 3460 367 3526 legi
386 3465 520 3511 censeant
539 3459 632 3526 plures
655 3459 711 3509 illis
734 3475 805 3525 quae
830 3476 912 3511 amor.
931 3461 959 3510 ΙΙ
978 3462 1023 3523 18,
1047 3462 1078 3510 21
1102 3477 1161 3525 sqq.
1183 3466 1323 3527 notantur,

209 3545 319 3596 docebit
336 3550 393 3595 tum
411 3545 519 3596 indoles
539 3545 717 3611 epistularum
734 3546 834 3595 Aconti
853 3550 881 3595 01
898 3544 1039 3612 Cydippae
1059 3551 1117 3596 tum
1141 3561 1210 3610 quae
1233 3547 1324 3598 heroi·

207 3630 270 3681 dum
289 3630 354 3681 libri
366 3631 477 3682 videtur
495 3647 554 3682 0000
574 3628 727 3697 dispositio.
754 3647 872 3696 namque
891 3634 1044 3680 mutuarum
1064 3631 1243 3697 epistularum
1261 3633 1326 3682 XVI

205 3716 306 3766 -XXI
329 3715 407 3766 nulla
425 3717 460 3766 ab
479 3717 581 3768 Ovidio
601 3721 643 3768 est
662 3718 823 3782 composita.
864 3720 893 3764 01
914 3721 1009 3766 tumen
1026 3717 1168 3781 utriusque
1187 3718 1324 3782 epistulae

206 3803 301 3852 auctor
310 3817 365 3853 non
374 3801 462 3852 solum
472 3801 621 3867 diligenter
633 3816 663 3851 se
677 3799 830 3853 insinuavit
842 3801 870 3851 in
881 3800 964 3850 Ovidi
974 3801 1122 3851 dictionem
1133 3787 1323 3865 010001111οω,

211 3885 311 3935 sedne
329 3890 422 3950 potest
440 3885 548 3951 quidem
560 3887 616 3937 nisi
634 3888 755 3952 proxime
770 3886 804 3935 ab
823 3886 903 3935 huius
917 3891 1010 3936 aetate
1025 3886 1137 3937 afuisse.
1168 3891 1196 3937 01
1214 3887 1323 3951 quidem

206 3969 340 4034 epistulae
356 3961 424 4022 XXI
442 3973 552 4022 101100
571 3976 713 4023 auctorem
730 3987 786 4022 non
800 3973 890 4020 minus
909 3987 990 4036 quam
1004 3971 1141 4036 epistulae
1159 3973 1224 4021 XXI
1238 3971 1323 4021 Calli-

205 4055 296 4104 machi
316 4055 444 4122 Cydippe
462 4073 539 4108 usnm
559 4073 634 4120 esse,
658 4057 801 4122 praesenti
823 4056 1009 4121 disputatione
1028 4061 1106 4107 extra
1124 4057 1324 4106 dubitationem

206 4144 363 4204 reponetur.
400 4157 452 4206 quo
473 4143 496 4191 si
515 4142 592 4192 aliud
609 4141 678 4192 nihil
700 4141 752 4193 hoc
772 4146 847 4191 certe
867 4157 1032 4207 consequar,
1056 4147 1086 4191 ut
1105 4157 1197 4192 eorum
1215 4143 1324 4204 ineptum

205 4227 411 4288 superstitionem
429 4229 496 4292 qui.
517 4266 523 4279 .
543 4262 550 4277 .
569 4243 613 4277 eos
629 4243 730 4285 uersus,
754 4228 798 4292 qui
816 4228 888 4291 apud
903 4228 1036 4300 Heinsium
1058 4229 1097 4277 his
1114 4229 1222 4276 nmmrr's
1243 4228 1326 4275 notati

207 4315 278 4373 sunt,
299 4309 375 4361 XVI
392 4314 513 4361 39—142
532 4311 602 4361 XXI
621 4315 744 4363 13—248
762 4315 888 4362 noluerint
905 4319 949 4362 aut
961 4316 1045 4363 eicere
1057 4305 1324 4362 cut'circumscm'here

170 4391 173 4400 ’
210 4392 256 4455 (ef.
275 4396 483 4447 Lachmannum
504 4396 560 4446 ind.
579 4396 656 4450 lectt.
676 4396 766 4450 Berol.
790 4405 859 4450 aest.
879 4399 945 4449 1848
953 4377 993 4480 :p
1013 4397 1038 4459 1)
1063 4397 1156 4461 aliqua
1179 4400 1260 4445 tenus
1279 4411 1324 4445 01-
