3254 5158
668 457 879 520 ..51-

215 651 301 708 μεναι
325 622 495 703 Κυκλόδες,
523 619 599 688 κατὰ
621 619 709 706 τιμὴν
732 624 897 705 πέμπουσαι
922 626 1047 711 δημοσίᾳ
1069 623 1206 708 θεωρούς
1228 652 1258 689 τε
1280 627 1332 692 καί

215 731 325 804 θυσίας
347 729 398 791 καί
422 722 527 809 χοροός
549 727 713 811 παρθένων
735 723 917 809 πανηγύρεις
945 752 975 790 τε
998 726 1030 790 ἐν
1052 719 1129 814 αὐτῇ
1150 723 1331 812 συνάγουσαι

215 825 359 914 μεγάλας,
389 835 467 894 haec
495 833 653 914 aliquanto
681 835 773 893 latius
796 832 956 914 patebant.
1001 853 1072 892 nam
1094 855 1180 894 sacra
1202 835 1332 895 Deliaca

215 946 330 997 certum
362 945 409 996 est
437 957 500 996 non
525 933 696 1016 Cycladum
721 935 890 994 incolarum
917 935 1012 994 fuisse
1042 932 1216 1015 propria¹),
1248 937 1331 1018 quod

214 1047 358 1098 testatum
386 1039 460 1097 facit
482 1037 684 1118 Thucydides
708 1037 759 1096 III
783 1044 847 1098 104:
884 1020 922 1111 ἦν
950 1033 984 1095 dt
1010 1055 1080 1094 ποτε
1107 1033 1156 1095 καί
1185 1031 1217 1096 τὸ
1239 1032 1332 1096 πάλαι

214 1131 325 1218 μεγόλη
354 1133 476 1212 ξύνοδος
504 1135 533 1210 ἐς
563 1129 617 1215 τὴν
648 1139 748 1214 Δῆλον
775 1136 835 1195 τῶν
858 1125 968 1196 Ἰαόνων
998 1159 1029 1197 τε
1057 1135 1107 1197 καί
1135 1133 1332 1217 περικτιόνων

214 1243 380 1316 νησιωτῶν·
410 1233 465 1313 ξόν
492 1261 523 1299 τε
549 1231 606 1319 γὰρ
634 1235 751 1319 γυναιξί
774 1235 825 1297 καί
844 1237 948 1298 παισίν
970 1233 1133 1319 ἐθεώρουν,
1157 1234 1254 1317 ὥσπερ
1276 1243 1333 1300 νῦν

214 1339 248 1427 ἐςΙ
263 1336 300 1402 τὰ
319 1337 443 1418 Ἐφέσια
457 1335 570 1418 Ἴωνες,
594 1339 645 1401 καλ
666 1332 750 1420 ἆρόν
773 1337 900 1401 ἐποιεῖτο
921 1332 1032 1402 αότόθι
1055 1339 1104 1401 καί
1120 1334 1265 1423 γυμνικός
1280 1341 1332 1403 καλ

212 1438 365 1521 μουσικός,
388 1438 494 1524 χορούς
515 1465 546 1503 τε
567 1437 684 1523 ἀνῆγον
697 1442 733 1502 αί
750 1437 850 1515 πόλεις
866 1465 893 1505 e.
910 1465 940 1524 q.
957 1466 982 1506 s.
998 1446 1037 1504 cf.
1054 1447 1210 1506 Homerici
1224 1447 1332 1526 hymni

213 1548 392 1628 perantiqui
419 1549 453 1607 in
480 1547 586 1628 Apoll.
609 1547 682 1607 Del.
705 1567 735 1606 v.
761 1555 928 1610 llo-165.
953 1556 984 1606 et
1007 1547 1046 1607 de
1068 1549 1144 1628 ipris
1166 1548 1331 1607 Messeniis

213 1649 418 1710 Doriensibus
441 1649 613 1709 Pausanias
635 1648 730 1708 tradit
752 1649 799 1710 IV
819 1657 851 1723 4,
876 1661 908 1711 l:
938 1644 985 1706 ἐπὶ
1014 1643 1046 1708 δὲ
1070 1647 1167 1707 Φίντα
1193 1648 1246 1706 τοῦ
1270 1652 1330 1707 Συ-

212 1743 286 1826 βότα
309 1749 429 1828 πρῶτον
452 1743 621 1826 Μεσσήνιοι
644 1743 708 1809 τότε
731 1750 773 1832 τῷ
791 1741 955 1809 Ἀπόλλοινι
979 1745 1126 1826 ἐςΔηλον
1148 1750 1258 1808 θυσίαν
1281 1747 1332 1809 καί
1385 1831 1388 1836 ⁴

213 1843 331 1925 c'evdpoiv
353 1841 443 1930 χορόν
465 1840 713 1930 οἰποστίλλουσιλ)
759 1855 833 1932 quin
864 1854 954 1912 immo
978 1851 1182 1912 Callimachus
1204 1854 1236 1912 in
1258 1853 1331 1912 Del.

213 1961 265 2016 279
286 1974 356 2034 sqq.
380 1954 469 2014 dicit:

501 2089 593 2148 πᾶσαι
618 2086 649 2149 δὲ
671 2078 776 2167 χοροίις
798 2077 941 2169 εἰνόγουσι
959 2084 1079 2166 πόληες,

340 2189 376 2249 αἳ
393 2213 424 2250 τε
446 2180 520 2268 πρὸς
541 2182 630 2268 ἠοίην
652 2190 691 2250 αἴ
707 2183 742 2249 θ’
767 2187 890 2271 ἕσπερον
912 2191 952 2250 αἴ
967 2184 993 2250 τ’
1016 2182 1074 2250 ἇνόι
1095 2189 1206 2269 μέσσην

341 2285 470 2371 κλήρους
493 2286 666 2369 ἐκτήσαντο,
689 2289 739 2351 καί
762 2291 793 2350 οἳ
815 2287 993 2371 καθύπερθε
1015 2292 1133 2371 βαρείης

341 2393 420 2454 οἰκία
441 2385 530 2466 θινός
552 2393 661 2471 ἔχουσι,
683 2388 959 2472 πολυχρονιώτατον
981 2387 1064 2472 αἷμα.

214 2556 246 2606 at
268 2568 340 2608 vero
365 2550 516 2610 artissimo
540 2569 693 2612 sacrorum
709 2550 887 2608 commercio
904 2550 1084 2610 Athenae
1106 2549 1182 2608 inde
1198 2549 1236 2607 ab
1253 2550 1331 2608 anti-

215 2650 367 2727 quissimis
389 2651 578 2730 temporibus
595 2671 660 2709 cum
676 2651 757 2709 Delo
774 2652 957 2710 coniunctae
974 2647 1144 2727 fuerunt.²)
1173 2652 1332 2710 notissima
1407 2643 1416 2656 ”

216 2753 298 2810 enim
314 2772 331 2810 e
346 2752 517 2812 Phaedone
533 2753 673 2811 Platonis
690 2771 778 2810 sacra
798 2751 853 2810 illa
875 2753 964 2810 navis
980 2751 1092 2810 Deliae
1115 2751 1254 2810 theoriae
1278 2752 1332 2811 de·

218 2852 379 2912 ducendae
402 2853 555 2928 adhibita,
581 2872 672 2933 quam
694 2850 863 2911 narrabant
886 2852 1018 2911 eandem
1041 2872 1124 2926 esse,
1150 2835 1230 2932 quae
1254 2854 1331 2912 anti-

216 2955 317 3032 quitus
332 2955 488 3015 Theseum
504 2975 570 3014 cum
585 2954 689 3034 pueris
705 2954 880 3034 puellisque
895 2954 985 3014 lectis
1000 2955 1032 3014 in
1046 2953 1169 3014 Oratam
1184 2954 1331 3013 vexisset.

216 3055 255 3113 cf.
279 3054 398 3114 Gallim.
422 3057 455 3115 in
477 3057 549 3116 Del.
573 3065 626 3120 314
646 3076 708 3136 sq,
732 3056 812 3115 Plut.
836 3056 931 3115 Thes.
953 3065 997 3117 21.
1022 3056 1114 3116 eund.
1139 3076 1179 3114 an
1202 3057 1270 3114 seni
1293 3057 1332 3115 sit

216 3176 280 3232 ger.
302 3176 385 3236 resp.
408 3153 469 3235 6.³)
511 3177 547 3218 ac
568 3156 761 3217 referebatur
784 3159 876 3216 ctiam
899 3157 939 3216 ad
961 3157 1077 3217 Thesei
1099 3158 1181 3217 illam
1204 3155 1333 3236 expedi-

214 3258 331 3316 tionem
353 3278 507 3318 sacrorum
528 3259 727 3319 Deliacorum
748 3259 847 3338 prima
869 3259 1030 3318 institutio.
1042 3254 1068 3336 ⁴)
1113 3258 1333 3319 Phanodemus

216 3358 249 3417 in
271 3358 402 3419 Atthide
427 3359 479 3438 (cf.
497 3359 611 3420 Athen.
628 3361 678 3420 IX
696 3381 727 3440 p.
745 3369 796 3424 392
810 3359 839 3434 d,
863 3360 955 3420 Paus.
979 3360 995 3418 Ι
1020 3368 1059 3434 18,
1076 3372 1102 3422 5.
1125 3368 1169 3434 31,
1184 3358 1214 3438 2)
1238 3368 1333 3420 rettu-

283 3645 304 3710 ¹)
324 3647 367 3698 Cf.
387 3647 543 3699 Hoeckium
561 3649 649 3698 Krete
666 3649 695 3699 II
712 3665 738 3714 p.
759 3651 816 3708 129,
834 3647 996 3698 Muellerum
1014 3647 1080 3700 Dor.
1098 3649 1111 3697 Ι
1128 3664 1154 3713 p.
1172 3648 1231 3699 252.

283 3728 304 3794 ²)
323 3732 461 3782 Accurate
479 3733 551 3783 hunc
569 3732 659 3783 locum
677 3733 861 3798 pertractavit
877 3731 1019 3783 Hoeckius
1038 3731 1056 3781 l.
1076 3748 1100 3784 c.
1118 3733 1145 3781 II
1163 3747 1188 3796 p.
1208 3733 1256 3782 123
1274 3745 1332 3795 sqq.

217 3821 337 3866 ceterum
358 3832 375 3866 a
392 3816 601 3867 Deliadibus
620 3833 720 3867 nomen
738 3816 807 3866 fecit
831 3816 990 3865 comoediae
1011 3815 1096 3864 alicui
1115 3831 1182 3865 suae
1196 3816 1333 3878 Cratinus,

217 3917 285 3966 quas
312 3917 367 3952 non
394 3902 488 3952 dubito
516 3902 581 3966 quin
608 3901 744 3968 Bergkius
771 3903 947 3951 commentat.
975 3899 1008 3948 de
1033 3900 1093 3949 rell.
1113 3915 1182 3950 com.
1201 3899 1257 3948 Att.
1277 3903 1332 3950 ant.

216 4001 242 4050 p.
261 3987 293 4036 38
311 4002 370 4052 sqq.
390 3987 525 4052 virginum
550 3986 637 4036 fuisse
662 3985 773 4036 chorum
797 3984 836 4034 ab
850 3983 1064 4033 Atheniensibus
1084 3984 1118 4033 ad
1136 3984 1219 4034 Delia
1237 3985 1332 4034 missa·

215 4085 274 4119 rum
293 4074 369 4121 recte
388 4070 497 4121 dixerit.
534 4069 588 4120 alio
607 4070 767 4136 significatu
788 4067 923 4119 Deliades
946 4073 1079 4120 memorat
1098 4068 1286 4120 Callimachus
1304 4069 1333 4116 in

215 4153 278 4207 Del.
296 4157 355 4206 296.

284 4238 305 4304 ⁸)
326 4238 379 4291 Cll.
393 4239 564 4289 Boeclrhium
579 4238 770 4289 Stnatshaush.
785 4239 810 4289 d.
823 4238 886 4290 Ath.
898 4239 912 4288 1
926 4255 951 4303 p.
966 4239 998 4288 81
1013 4253 1071 4303 sqq.
1091 4238 1133 4287 111
1144 4253 1170 4301 p.
1183 4235 1215 4286 76
1228 4250 1285 4298 sqq.

284 4323 307 4388 ⁴)
328 4324 370 4377 cf.
391 4340 461 4390 quae
482 4324 600 4373 affenrnt
613 4324 755 4373 Iloeokius
768 4324 855 4373 Kreta
868 4340 893 4388 p.
908 4325 956 4373 132
969 4339 1038 4388 sqq,
1052 4321 1203 4373 Dorvillius
1216 4316 1331 4367 miscell.

216 4408 288 4458 obss.
309 4408 369 4458 crit.
388 4409 441 4458 VII
461 4412 474 4457 1
493 4424 519 4473 p.
540 4409 580 4464 12,
600 4407 751 4457 Muellerus
769 4409 834 4456 Dor.
854 4408 867 4456 Ι
886 4425 912 4471 p.
931 4409 982 4455 244
999 4422 1038 4469 sq.

1086 4486 1130 4548 4*
