3254 5158
785 415 975 480 ..8-

321 592 435 650 caussis
468 591 673 650 reiectaneam
706 589 766 648 hoc
792 607 864 649 uno⁴
885 591 1010 648 nomine
1039 610 1122 649 nuuc
1150 589 1317 668 redarguo,
1352 591 1436 671 quod

319 693 466 752 Horatius
489 713 517 752 a.
540 699 624 771 poet.
640 699 698 764 lsi,
722 690 774 750 ubi
798 689 977 751 Callimachi
999 711 1143 752 versuum
1165 712 1328 752 memorem
1352 691 1436 772 loqui

320 796 406 855 illum
436 795 504 873 ipse
538 794 651 852 fatetur
679 791 852 866 Merkelus‚
882 782 1023 868 publicam
1056 797 1201 851 materiem
1233 792 1318 852 dicit.
1352 792 1435 854 unde

321 896 489 956 cavendum
520 902 665 973 apparet,
696 913 737 954 ne
765 886 908 969 δημόσιον
936 894 1027 968 illud,
1060 915 1120 974 quo
1151 895 1298 974 cyclicum
1325 915 1435 974 poema

322 997 509 1057 Callimacho
541 996 674 1055 invisum
701 995 856 1069 redditur,
890 996 951 1055 alio
980 998 1148 1058 referamus
1184 1017 1275 1078 quam
1304 995 1343 1057 ad
1373 1017 1433 1058 ma·

319 1100 437 1158 teriem.

403 1201 519 1259 Poema
540 1199 632 1278 igitur
654 1199 802 1279 cyclicum
824 1199 915 1274 illud,
940 1199 1154 1281 quodcumque
1177 1219 1276 1278 genus
1299 1201 1435 1260 carmina

320 1301 616 1381 comprehendebat,
639 1301 673 1360 id
693 1299 829 1361 habebat
844 1302 964 1380 propri,
990 1301 1072 1380 quod
1094 1301 1302 1381 popularia
1323 1322 1434 1380 argu-

320 1412 445 1464 menta
473 1401 649 1463 celebrabat
671 1423 734 1462 non
757 1403 856 1462 minus
878 1423 934 1462 usu
961 1403 1034 1462 trita
1056 1401 1257 1483 omnibusque
1283 1403 1433 1482 patentia,

321 1525 411 1584 quam
434 1506 484 1564 via
506 1514 679 1584 puteusque
701 1503 842 1584 publicus
864 1505 916 1564 vel
937 1523 1015 1584 puer
1035 1505 1228 1584 vulgivagus.
1242 1499 1267 1581 ¹)
1299 1523 1337 1562 ea
1359 1524 1433 1562 vero

319 1607 519 1686 reprehensio
535 1608 568 1666 si
590 1627 623 1666 re
646 1626 720 1665 vera
742 1606 838 1680 inest,
868 1615 901 1666 ut
923 1604 1046 1666 videtur
1068 1607 1187 1679 inesse,
1219 1607 1271 1685 qui
1292 1606 1358 1664 fieri
1380 1626 1435 1684 po-

319 1708 404 1780 terit,
439 1716 472 1767 ut
499 1708 537 1766 ab
567 1708 737 1767 Homericis
768 1708 953 1768 carminibus
988 1706 1190 1787 probabiliter
1225 1705 1435 1766 defendatur?

319 1827 399 1867 neve
415 1829 482 1868 cum
497 1808 661 1868 Welckero
684 1827 834 1886 provoces
857 1817 890 1868 ut
907 1808 1086 1868 Callimachi
1107 1815 1256 1886 patronus
1279 1809 1357 1868 iusto
1374 1816 1402 1867 st
1424 1841 1435 1850 ·

320 1907 435 1967 diosior
467 1908 507 1967 ad
541 1908 648 1966 horum
684 1908 850 1966 carminum
886 1928 977 1987 quam
1004 1918 1124 1968 nosmet
1154 1908 1337 1968 admiramur
1367 1929 1433 1987 per-

319 2010 494 2070 fectionem.
542 2029 614 2068 nam
641 2009 700 2067 hoc
727 2009 759 2066 in
789 2028 905 2088 genere
941 2011 1099 2088 paradoxa
1127 2010 1305 2070 acciderunt
1332 2011 1435 2069 hercle

318 2110 421 2170 multa.
472 2111 561 2170 Plato
591 2110 807 2170 Antimachum
835 2111 868 2168 in
898 2108 1016 2170 deliciis
1043 2110 1161 2184 habuit,
1195 2112 1291 2170 Iulius
1322 2111 1436 2172 Caesar

319 2212 456 2289 Scaliger
477 2210 659 2271 Aeneadem
681 2211 774 2271 Iliadi
796 2213 988 2291 anteposuit,
1011 2212 1163 2274 Ricardus
1185 2213 1345 2273 Bentleius
1367 2234 1434 2273 cum

320 2312 433 2371 Ovidio
456 2313 617 2372 Manilium
639 2333 785 2373 summum
806 2315 1013 2373 Romanorum
1036 2322 1159 2392 poetam
1181 2313 1344 2388 iudicavit,
1368 2316 1434 2374 Fri-

320 2413 438 2472 dericus
467 2435 594 2494 magnus
622 2414 860 2492 Nibelungicum
889 2435 1011 2474 carmen
1040 2416 1167 2494 respuit.
1218 2435 1276 2475 nec
1305 2416 1434 2496 amplius

319 2513 498 2575 admirabile
520 2516 582 2575 tale
609 2515 682 2596 quid
711 2514 936 2592 arbitrandum,
965 2516 1019 2576 ubi
1047 2516 1130 2596 quod
1159 2525 1233 2595 apto
1264 2517 1435 2576 declaratur

316 2616 492 2675 testimonio
515 2617 596 2676 idem
617 2617 741 2678 interna
763 2617 895 2698 quadam
917 2617 978 2678 fide
998 2639 1061 2677 non
1084 2627 1176 2677 caret.
1209 2636 1337 2697 quorum
1359 2637 1433 2675 neu-

318 2728 395 2778 trum
418 2727 541 2778 nostrae
570 2739 696 2780 caussae
727 2719 837 2780 deesse
861 2719 965 2780 credo.
1010 2720 1180 2799 hocigitur
1203 2717 1273 2778 dum
1297 2738 1433 2797 compro·

318 2819 453 2880 bandum
474 2822 667 2900 suscipimus,
692 2821 730 2882 ab
754 2805 882 2901 eo'ipso
906 2822 1040 2881 ordimur
1060 2822 1143 2895 loco,
1168 2842 1228 2902 quo
1251 2819 1434 2879 Welokerus

318 2922 396 2982 dixit
428 2924 586 3002 cognosci,
623 2922 843 2984 Callimachum
871 2924 989 3002 cyclica
1016 2925 1151 2982 carmina
1179 2925 1283 3001 magni
1312 2923 1432 2982 fecisse.

253 3083 255 3087 .
319 3023 387 3083 dico
412 3025 599 3104 epigramma
622 3027 686 3085 eius
708 3020 809 3100 VI:²)

445 3173 507 3231 Τοῦ
530 3172 645 3248 Σαμίου
668 3167 759 3242 πόνος
781 3170 839 3249 εἰμὶ
863 3164 945 3254 δόμῳ
967 3169 1036 3231 ποτὲ
1058 3175 1144 3230 θεῖον
1165 3161 1269 3229 ἆοιδὸν

487 3271 654 3348 δεξαμένου.
688 3273 775 3331 κλείω
797 3267 828 3331 d'
854 3263 992 3350 Εὔρυτον
1013 3263 1078 3331 doo'
1104 3270 1220 3332 ἔπαθεν

443 3369 493 3430 καλ
518 3363 634 3450 ξανθὴν
651 3363 782 3434 Ἰόλειαν.
814 3367 967 3452 Ὁμήρειον
991 3372 1022 3434 di
1044 3361 1188 3450 καλεῦμαι

485 3469 614 3554 γράμμα.
639 3468 825 3560 Κρεωφύλμ,
848 3477 908 3537 Ζεῦ
930 3475 1015 3553 φίλε,
1038 3475 1124 3534 τοῦτο
1146 3472 1229 3553 μέγα.

366 3611 369 3616 ’
400 3629 581 3688 Welclrerus
610 3630 630 3689 l.
654 3650 678 3689 c.
708 3651 739 3709 p.
764 3640 812 3692 lll
837 3675 844 3689 .
869 3673 876 3689 .
901 3675 908 3689 .
942 3634 1002 3686 eine
1028 3631 1184 3687 Einnolrme
1212 3643 1264 3686 von
1295 3631 1432 3698 Oechalia,

316 3733 358 3786 die
379 3747 412 3786 er
433 3733 645 3804 (Callimachus)
667 3738 696 3790 ia
718 3737 804 3790 einem
832 3734 956 3790 anderen
978 3733 1157 3806 Epupromme
1185 3733 1356 3789 bewundert.
1402 3739 1434 3790 at

384 3915 403 3979 ¹)
423 3917 503 3967 Hanc
517 3917 773 3982 interpretationem
783 3916 907 3967 Naekius
921 3915 1039 3982 quodam
1052 3916 1130 3966 modo
1143 3915 1263 3983 praeivit
1271 3915 1341 3966 Hcc.
1353 3933 1378 3982 p.
1392 3918 1431 3966 13.

383 4015 404 4078 ²)
424 4016 522 4068 Strabo
535 4019 599 4067 XIV
611 4034 638 4082 p.
650 4019 712 4068 638:
733 4009 843 4082 Σάμιος
856 4009 884 4068 d'
898 4003 935 4083 ἦν
954 4014 1004 4069 καὶ
1016 4009 1195 4082 Κρεώφυλος,
1215 4007 1249 4069 ὃν
1262 4031 1334 4083 φασι
1348 4008 1432 4080 δεξά-

315 4118 403 4166 μενον
426 4098 506 4167 ecclc
528 4092 734 4168 ποτὲὍμηρον
756 4100 856 4168 λαβεῖν
874 4101 966 4166 δῶρον
985 4099 1037 4167 τὴν
1055 4094 1222 4169 ἐπιγραφὴν
1239 4101 1291 4154 τοῦ
1307 4093 1431 4168 ποιήμα-

316 4204 373 4250 τος,
392 4173 407 4236 d
425 4183 562 4238 καλοῦσιν
581 4181 721 4251 Οἰχαλίας
740 4176 854 4239 ἅλωσιν.
889 4186 1071 4254 Καλλίμαχος
1089 4182 1122 4238 di
1139 4179 1309 4241 τούναντίον
1327 4179 1431 4253 ἐμφαί-

316 4287 358 4322 νει
382 4263 421 4323 δι’
447 4261 660 4336 ἐπιγράμματος
685 4286 777 4338 τινος,
800 4263 838 4331 οἱς
862 4263 976 4324 ἐκείνου
1002 4267 1056 4336 μὲν
1079 4266 1253 4338 ποιήσαντος
1279 4265 1432 4338 λεγομένου

316 4347 346 4405 δ’
359 4348 484 4420 Ὁμήρου
503 4348 552 4406 διὰ
570 4348 623 4422 τὴν
641 4349 798 4422 λεγομένην
816 4354 922 4419 ξενίαν,
942 4354 992 4409 τοῦ
1010 4356 1125 4424 Σαμίου
1143 4350 1230 4415 πόνος
1249 4373 1273 4408 e.
1293 4373 1319 4422 q.
1337 4373 1359 4408 s.
