3254 5158
662 450 871 519 „25-

207 629 258 687 tis
281 634 532 708 praeceptum
553 627 671 687 nemini
692 629 841 706 ignotum.
883 629 997 688 etenim
1019 650 1059 689 ne
1082 631 1214 694 animm
1236 630 1324 691 indu·

208 750 274 804 cas,
299 749 367 790 eum
382 730 574 808 imperiosius
590 738 705 789 certum
720 732 860 809 posuisse
875 750 1017 790 versuum
1039 751 1209 804 numerum,
1234 752 1324 812 quem

206 833 287 892 ultra
320 833 464 912 nequiret
497 832 667 891 consistere
698 831 855 891 laudabile
890 852 1013 910 poema,
1053 832 1215 894 evidenter
1247 832 1324 892 illud

207 933 294 994 fluxit
317 953 355 993 ex
377 919 574 1013 popularium
595 933 767 994 fabularum
789 933 903 993 taedio.
940 954 1053 1012 magna
1083 935 1164 994 enim
1191 935 1245 994 illa
1268 928 1324 1008 ἔπη

206 1037 295 1096 unius
324 1035 455 1096 maxime
485 1035 602 1107 herois,
635 1035 853 1095 nonnullorum
880 1036 1049 1109 interdum,
1079 1037 1161 1094 facta
1189 1036 1325 1114 pericula
1380 1053 1385 1058 ·

206 1136 329 1197 labores
353 1135 568 1211 celebrabant,
590 1145 624 1196 111
647 1136 823 1197 decurreret
846 1138 980 1198 narratio
1000 1146 1137 1212 perpetua
1160 1147 1185 1196 et
1201 1140 1327 1200 1111111ναὶ1

206 1243 291 1309 serie,
315 1249 349 1298 ut
370 1247 501 1318 perapte
523 1240 561 1297 F.
581 1238 621 1298 A.
644 1238 783 1298 Wolfius.
815 1237 1005 1318 Cyrenensis
1028 1239 1121 1318 igitur
1142 1247 1236 1320 poeta
1259 1259 1325 1298 cum

206 1341 284 1399 haec
306 1348 486 1418 argumenta
508 1349 715 1414 aversaretur,
739 1341 913 1400 necessario
936 1340 1114 1400 vertebatur
1129 1339 1169 1398 ad
1190 1349 1324 1400 tractan-

151 1485 152 1488 ,
208 1441 262 1501 das
286 1442 477 1520 potissimum
499 1442 635 1521 singulas
654 1440 773 1501 fabulas
790 1442 927 1520 angustia
944 1442 1186 1522 circumscriptas
1201 1441 1323 1502 finibus.

206 1563 243 1602 ac
264 1544 315 1603 vel
343 1544 474 1602 maxime
501 1543 564 1602 huc'
588 1544 745 1604 faciebant
773 1543 897 1602 fabulae
924 1543 997 1603 illae
1026 1525 1116 1602 certis
1146 1542 1323 1620 regionibus

205 1643 385 1718 adstrictae,
423 1665 498 1725 quas
525 1645 578 1704 vel
610 1647 643 1703 in
672 1646 774 1723 longis
811 1644 972 1705 itineribus
1003 1645 1191 1725 conquisitas
1221 1645 1273 1703 vel
1302 1666 1320 1703 a

204 1747 373 1826 periegetis
402 1747 555 1806 historicis
583 1747 714 1828 aliisque
743 1755 885 1827 acceptas
909 1754 1035 1815 exarte
1065 1747 1263 1825 praeparavit
1286 1766 1322 1804 ac

204 1849 373 1927 perpolivit
396 1848 554 1928 elegisque
576 1849 638 1908 suis
661 1849 751 1909 tersis
774 1869 810 1907 ac
831 1849 943 1908 limatis
959 1848 1093 1907 inclusit.
1124 1847 1207 1927 quod
1223 1867 1322 1925 genus

204 1951 310 2029 poesis
334 1970 401 2008 eum
422 1951 513 2010 unice
536 1950 696 2030 probaret,
722 1950 834 2009 dixerit
855 1951 1023 2010 Homerum
1045 1953 1262 2025 magniloquum,
1291 1957 1324 2008 nt

206 2051 321 2111 Statius
345 2051 414 2111 silv.
437 2053 466 2112 V
488 2061 513 2125 3,
537 2060 581 2115 67.
609 2052 697 2111 'hinc
718 2051 811 2129 igitur
835 2050 993 2111 dicterium
1020 2051 1098 2110 illud
1120 2052 1252 2111 iocosius
1276 2071 1323 2111 so·

203 2174 284 2212 nans
317 2173 407 2232 quarn
438 2149 589 2227 seve'rius,
623 2173 768 2231 magnum
797 2152 907 2213 librum
936 2173 1004 2212 esse
1034 2154 1148 2213 malum
1179 2173 1324 2231 magnum

100 2302 111 2322 ,
205 2253 277 2333 (frg.
301 2263 361 2328 359,
385 2255 424 2312 cf.
440 2255 578 2315 Heckeri
600 2264 761 2314 comment.
787 2236 907 2316 Gallim.
930 2277 960 2334 p.
977 2251 1035 2332 33),
1059 2255 1132 2314 hinc
1154 2254 1322 2324 admonitio

203 2355 285 2428 eius,
309 2376 349 2415 ne
373 2355 440 2434 quis
464 2377 482 2415 a
504 2376 538 2416 se
560 2357 628 2435 pari
650 2357 726 2416 velit
747 2353 821 2433 μέγα
844 2352 1019 2431 ψοφὲουσαν
1041 2347 1149 2429 ἀοιδήν
1163 2355 1224 2435 (fr.
1248 2354 1321 2433 165),

201 2457 276 2516 hinc
297 2457 447 2536 Apolloni
470 2459 645 2536 castigatio,
670 2460 723 2538 qui
746 2458 888 2518 canenda
909 2459 968 2518 sibi
990 2459 1152 2538 sumpserit
1174 2449 1227 2515 dccc
1249 2451 1322 2515 πόν-

85 2615 88 2620 ,
200 2576 251 2627 τος
273 2545 363 2615 ἀείδει
382 2558 427 2636 (in
442 2558 547 2638 Apoll.
567 2557 638 2636 106),
662 2561 736 2618 hinc
758 2559 842 2639 apud
856 2560 1052 2638 Propertium
1068 2561 1102 2619 ΙΙ
1118 2571 1142 2633 l,
1159 2569 1194 2620 40
1208 2569 1323 2635 angusto

194 2667 316 2752 pectore
339 2663 538 2732 Callimachm,
568 2670 600 2721 et
627 2662 679 2720 ΙΙΙ
701 2660 780 2735 331),
803 2668 838 2722 32
864 2680 931 2720 non
958 2663 1088 2736 inflati
1113 2663 1322 2720 1011111011ῐὶ1·-

200 2764 301 2819 machi.
341 2770 372 2821 et
399 2761 556 2822 commode
589 2765 761 2841 profitetur,
795 2783 870 2822 non·
893 2784 1004 2822 unum
1026 2782 1059 2821 se
1092 2770 1322 2842 perpetuum

201 2883 326 2923 carmen
349 2863 538 2937 confecisse,
562 2855 615 2940 οὐχ
634 2862 671 2922 ‘iv
693 2853 798 2938 desuper
820 2858 952 2938 διηνεκές
977 2863 1047 2941 (frg.
1064 2870 1124 2936 287,
1148 2861 1233 2943 quod
1256 2864 1320 2941 ple-

200 2965 272 3024 nius
295 2966 327 3023 in
349 2965 487 3024 Bekkcri
509 2965 642 3025 anecdd.
665 2966 719 3026 Gr.
736 2966 770 3024 H
792 2986 823 3044 p.
839 2975 890 3027 505
914 2973 944 3023 et
959 2965 1011 3024 ΙΙΙ
1032 2986 1063 3045 p.
1082 2971 1158 3037 1117,
1183 2965 1222 3022 cf.
1238 2965 1319 3026 Nae·

199 3067 287 3126 kium
307 3066 384 3125 Hec.
408 3086 439 3145 p.
463 3076 498 3130 33
519 3088 566 3147 sq.
591 3076 622 3126 et
643 3068 780 3127 Bastium
810 3064 850 3125 ad
875 3066 968 3144 Greg.
994 3065 1065 3126 Oor.
1087 3087 1118 3146 p.
1141 3063 1216 3142 899),
1246 3086 1320 3145 quo·

201 3189 271 3227 cum
294 3168 408 3227 utiliter
424 3170 589 3228 contuleris
605 3170 680 3229 Hor.
698 3188 788 3227 carm.
804 3170 821 3228 Ι
836 3174 861 3241 7,
879 3179 973 3248 tsqq.
998 3177 1028 3228 et
1047 3168 1181 3227 Martial.
1197 3168 1261 3228 VII
1276 3176 1320 3231 63.

200 3269 318 3329 scilicet
341 3270 422 3328 aetia
450 3271 633 3349 respiciens,
665 3271 831 3347 elegiarum
852 3269 937 3329 nullo
961 3262 1171 3329 continuitatis
1196 3269 1319 3328 vinculo

198 3373 371 3430 iunctarum
399 3373 637 3447 conlectionem,
672 3372 715 3430 ita
742 3371 978 3451 loquividetur
1000 3370 1205 3432 Callimachus
1215 3365 1251 3451 ¹).
1290 3379 1321 3432 at

199 3473 307 3532 mirum
343 3471 477 3532 debebat
509 3472 626 3546 videri,
661 3471 794 3533 eundem
828 3492 896 3532 esse
932 3479 1086 3532 auctorem
1114 3473 1202 3533 huius
1237 3472 1319 3550 frag-

198 3575 298 3634 menti
323 3572 418 3653 (138):

445 3671 497 3734 καὶ
519 3664 571 3734 τὸν
593 3670 641 3734 ἐπὶ
664 3666 767 3756 ῥάβδῳ
788 3676 889 3753 μῦθον
911 3664 1118 3754 ὑφαινόμενον

404 3765 507 3852 siveris
529 3769 618 3836 νἰείδω
639 3773 872 3856 δειδεγμένοςῗ).

271 3975 291 4042 ¹)
309 3980 408 4045 Itaque
432 3979 540 4030 fallitur
556 3979 581 4030 N
584 3978 681 4030 eckius
698 3979 769 4031 Hec.
787 3995 814 4044 p.
832 3981 865 4030 29
884 3982 912 4028 et
929 3980 976 4041 34,
1000 3979 1047 4044 qui
1066 3978 1161 4028 eodem
1179 3978 1242 4028 loco
1262 3978 1319 4028 alia

199 4078 308 4128 quoque
321 4063 393 4114 falso
407 4063 441 4114 ad
452 4065 620 4130 prooemium
629 4065 754 4115 Hecalae
768 4064 860 4114 traxit.
885 4063 933 4116 sed
946 4064 1064 4114 omnium
1077 4063 1195 4113 maxime
1208 4062 1314 4113 Hecke·

199 4163 247 4198 rus
266 4153 339 4198 errat
356 4148 374 4198 l.
395 4165 418 4199 c.
436 4165 462 4214 p.
481 4150 528 4210 49,
554 4149 600 4214 qui
619 4149 692 4200 falsa
710 4148 790 4200 falsis
809 4148 931 4199 cumulet
954 4153 1014 4199 tota
1038 4148 1239 4213 disputatione,
1263 4162 1318 4212 qua

198 4233 333 4284 ficticium
351 4247 429 4284 suum
447 4233 539 4284 aetion
556 4236 688 4299 prologum
704 4237 830 4299 palearum
848 4216 1048 4284 οο1111111111111.’

269 4315 290 4381 ²)
308 4317 465 4369 Meinekius
479 4317 589 4368 Gallim.
607 4335 634 4383 p.
647 4320 697 4369 272
712 4333 738 4370 n.
751 4318 848 4370 scribit
866 4311 980 4384 ζηνεκὲς
997 4307 1087 4369 ἀείδω
1100 4309 1316 4379 δεδιδαγμένος.

198 4401 250 4453 sed
267 4405 382 4467 utraque
406 4403 557 4453 mutatione
581 4417 648 4467 opus
672 4418 727 4453 non
752 4407 801 4453 est.
838 4417 902 4453 nam
925 4402 1026 4452 bonum
1049 4406 1092 4452 est
1114 4394 1214 4464 ἠνεκές
1233 4402 1316 4463 atque
