3254 5158
614 377 899 492 „434

242 603 357 663 Verum
378 603 411 660 in
434 601 631 682 paraphrasis
653 600 755 661 verbis
779 621 870 680 supra
889 603 1128 662 commemoratis
1145 601 1274 660 alterum

159 702 362 781 retegendum
391 705 545 782 genuinae
569 702 748 764 Callimachi
776 703 848 762 artis
879 703 1043 790 vestigium
1070 712 1163 783 atque
1192 702 1273 762 adeo

159 805 248 865 totius
265 804 388 865 fabulae
408 805 545 884 aliquod,
558 805 652 864 veluti
675 806 910 880 lineamentum,
935 804 974 864 ab
989 805 1100 864 inscita
1115 804 1273 883 sophistae

158 926 249 966 manu
270 905 494 987 propemodum
516 905 660 967 radicitus
683 906 840 966 inductum
862 925 898 965 ac
921 904 1065 966 deletum.
1095 905 1211 965 etenim
1229 904 1273 963 fa·

157 1007 311 1068 bulatores
342 1015 481 1068 veterum
514 1008 634 1082 erotici‚
667 1008 720 1088 qui
749 1007 840 1066 deum
867 1007 1070 1085 sagittiferum
1104 1006 1273 1087 producere

158 1129 322 1190 numquam
346 1111 507 1184 omittunt,
539 1109 611 1168 dum
633 1109 738 1186 ignem
760 1109 871 1168 amoris
895 1129 986 1189 quam
1008 1109 1274 1186 flagrantissimum

158 1219 189 1270 et
211 1211 345 1271 furorem
366 1230 469 1290 paene
493 1211 654 1271 exitiosum
683 1230 874 1291 quocumque
896 1209 986 1268 modo
1016 1210 1197 1270 cumulatum
1221 1209 1273 1268 de-

157 1313 304 1390 pingunt,
333 1312 408 1371 inde
436 1313 522 1372 illum
544 1321 648 1371 amant
676 1320 834 1392 repetere,
865 1310 946 1392 quod
969 1311 1158 1371 fastidiosius
1181 1320 1275 1371 antea

157 1413 226 1492 ipse
259 1414 413 1492 spreverit
447 1413 631 1474 adulescens
665 1415 792 1492 virgove
822 1421 960 1473 amantes
989 1421 1083 1492 atque
1112 1412 1273 1492 Cupidinis

156 1515 352 1595 Venerisque
374 1523 559 1596 potestatem
583 1517 717 1575 eluserit.
762 1514 976 1597 Tibullianumy
993 1515 1086 1592 igitur
1107 1512 1185 1573 illud
1207 1515 1225 1573 I
1246 1522 1271 1587 8,

156 1621 189 1678 69
214 1636 260 1695 sq.
297 1625 365 1674 suut
391 1621 505 1675 numina
535 1622 640 1697 amauri
658 1619 662 1688 Ι
681 1621 766 1675 suevis
796 1625 822 1674 ct
846 1621 948 1674 iniusta
976 1619 1032 1690 Iope
1060 1619 1155 1673 relicta
1184 1618 1275 1674 Venus

155 1716 208 1775 vel
247 1718 353 1777 Nonui
390 1719 484 1778 Dion.
525 1719 605 1796 XVI
643 1725 696 1778 291
734 1713 790 1775 εἰσὶ
828 1712 879 1774 καὶ
918 1715 1082 1793 [prlocutus
1121 1706 1274 1794 Ἐρινυύες

157 1794 270 1879 Graeci
310 1819 468 1898 permultis
508 1818 743 1898 comprobarunt
783 1818 896 1877 fabulis
937 1819 1053 1877 funesti
1092 1818 1273 1896 plerumque

157 1919 271 1994 exitus,
302 1919 341 1980 de
371 1919 480 2001 quibus
502 1941 566 1980 non
588 1922 713 1979 invenio
742 1921 795 2000 qui
816 1919 925 1978 melius
956 1919 1159 1999 disputaverit
1182 1939 1273 1999 quam

155 2021 339 2082 Welclrerus
362 2018 425 2081 alte
446 2021 581 2082 Denkm.
605 2023 652 2082 IV
673 2043 704 2101 p.
731 2030 780 2083 161
800 2041 870 2102 sqq.
900 2021 938 2080 cf.
964 2029 994 2079 11
1016 2020 1207 2098 Bottigerum
1228 2020 1273 2080 kl.

156 2122 241 2183 Schr.
257 2123 274 2181 I
292 2133 339 2186 159
354 2143 423 2204 sqq.
447 2125 595 2204 quivero
619 2132 757 2184 amantes
780 2123 826 2182 sui
849 2142 912 2181 non
935 2121 1074 2201 perditos
1096 2121 1272 2202 perdidere,

156 2232 186 2284 at
210 2225 291 2284 elata
314 2226 408 2284 animi
432 2224 543 2285 duritie
572 2244 728 2284 vexavere
757 2232 788 2284 et
816 2224 1005 2296 cruciavero,
1037 2224 1067 2283 ei
1092 2224 1274 2303 plerumque

155 2326 235 2386 iusta
264 2326 516 2405 compensatione
545 2327 606 2407 ipsi
628 2327 758 2406 posthac
780 2347 800 2384 a
821 2326 954 2386 Veneris
978 2334 1009 2384 et
1032 2325 1195 2404 Cupidinis
1218 2346 1273 2404 po·

154 2435 267 2487 testate
289 2437 443 2487 vexantur
464 2429 698 2508 crucianturque
714 2429 825 2487 amoris
842 2447 934 2508 quam
949 2427 1095 2486 acerrimo
1112 2428 1229 2507 impetu
1237 2423 1273 2501 ¹),

154 2537 186 2587 ut
209 2529 253 2587 ait
273 2528 415 2589 Tibullus
438 2531 455 2589 I
476 2537 502 2603 8,
526 2538 541 2592 7
558 2551 605 2610 sq.
643 2533 710 2587 deus
732 2532 870 2588 crudelius
891 2533 948 2587 urr't
965 2528 970 2604 l
989 2546 1057 2603 quos
1078 2533 1149 2587 uidet
1176 2533 1274 2586 iuuitos

154 2633 331 2688 succubuisse
357 2634 417 2689 sibi.
462 2651 525 2710 qua
553 2632 734 2690 eroticorum
762 2629 987 2690 consuetudine
1018 2637 1193 2708 computata
1219 2628 1271 2687 ubi
1355 2643 1368 2667 0

155 2731 325 2790 accuratius
353 2732 559 2810 pensitaveris
582 2732 739 2811 sophistae
762 2730 858 2790 verba
879 2727 912 2788 oi
930 2725 962 2788 111
983 2724 1202 2804 φιλοθεάμονες
1224 2749 1272 2788 us·

155 2853 215 2912 que
239 2832 281 2891 ad
310 2828 432 2908 διέφηκε
460 2827 492 2890 τὸ
521 2829 622 2909 βέλος,
651 2828 820 2905 concedes,
849 2833 943 2892 talem
966 2851 985 2889 1
1001 2829 1195 2891 Callimacho
1219 2829 1272 2888 de·

154 2935 301 3012 scriptum
323 2933 422 2994 videri
443 2934 616 2993 Acontium.
649 2954 714 2993 non
736 2931 836 2992 habeo
859 2942 976 3006 autem,
1001 2932 1053 3012 qui
1075 2932 1145 3010 plus
1167 2931 1272 2989 valeat

155 3034 194 3092 ad
231 3054 299 3094 eam
331 3056 395 3095 rem
429 3036 570 3114 exemplo
601 3056 655 3096 suc
689 3033 963 3114 comprobandam,
994 3054 1086 3114 quam
1113 3033 1271 3110 Xenopho

154 3136 272 3214 Ephes.
295 3137 312 3195 Ι
336 3148 359 3210 1,
382 3147 399 3198 5
421 3158 468 3217 sq.
490 3169 533 3183 „-
554 3147 581 3210 2,
606 3147 636 3199 l:
662 3126 780 3214 ''Eporr'u
801 3155 834 3214 γε
856 3123 1008 3213 adroaldi
1036 3125 1169 3210 ἐνόμιζεν
1195 3125 1272 3191 εἶναι

154 3228 244 3311 θεόν,
273 3225 348 3296 istd
370 3230 468 3314 πάντη
498 3233 634 3315 ἐξέβαλεν
655 3227 744 3297 οὐδὲν
765 3228 947 3316 ἡγούμενος,
966 3232 1068 3315 ’λέγων
1096 3223 1135 3306 ὡς
1156 3224 1211 3292 οὐκ
1233 3225 1272 3292 o'r'u

153 3334 226 3395 uoci
246 3359 291 3409 τις
313 3333 454 3416 ἐρασθείη
482 3328 551 3402 ouidi
577 3329 737 3417 duoruyrlq
759 3339 802 3420 aqi
823 3338 890 3421 θεῷ
910 3326 951 3415 μὴ
973 3333 1088 3397 θέλων·
1111 3333 1139 3396 εἰ
1160 3333 1192 3396 δέ
1212 3355 1272 3395 που

222 3605 244 3671 ¹)
262 3608 352 3658 Noun.
370 3609 451 3660 Dion.
464 3609 515 3660 XV
528 3610 575 3660 169
588 3623 647 3674 sqq.
682 3609 798 3673 Nicaea,
818 3609 937 3660 XLVIII
955 3609 1075 3674 24111111.
1104 3607 1179 3659 Aura
1196 3611 1271 3658 utra·

154 3707 206 3756 que
224 3696 255 3742 ’11
266 3693 383 3743 Veneris
402 3695 587 3759 contemptrix
605 3697 633 3743 et
646 3694 756 3744 Dianae
775 3693 875 3743 cultrix
893 3693 928 3742 ab
946 3691 996 3742 illa
1014 3693 1163 3758 puniuntur
1175 3695 1272 3757 erepta

153 3791 202 3838 per
214 3791 337 3826 somnum
349 3777 520 3844 virginitate.
550 3779 660 3829 omuino
679 3778 883 3844 frequentatum
900 3777 930 3825 id
947 3777 976 3824 iu
993 3776 1045 3828 hoc
1059 3792 1171 3841 genere,
1184 3781 1214 3827 ut
1232 3777 1272 3826 iu-

153 3874 239 3911 venes
258 3858 304 3910 vel
321 3861 432 3926 puellae
445 3862 580 3913 Venerem
599 3863 720 3913 atrocius
739 3862 927 3927 despicientes
947 3864 1043 3910 castae
1062 3860 1142 3910 simul
1160 3861 1270 3911 Dianae

153 3943 210 3992 siut
228 3945 368 4008 asseclae,
387 3945 533 4012 Hippolyti
551 3945 675 4012 exemplo
693 3944 894 3996 inlustrissimo.
922 3944 1012 4009 qualis
1024 3945 1143 4011 Daphne
1162 3950 1205 3995 ost
1219 3944 1270 3996 01.

153 4029 217 4078 met.
236 4028 316 4078 1452
335 4045 394 4095 sqq.
418 4034 446 4080 et
468 4029 600 4080 Parthen.
621 4032 653 4080 15
676 4028 724 4094 (cf.
743 4030 826 4081 Paus.
845 4029 913 4080 VIII
930 4029 989 4093 20),
1013 4029 1113 4096 Syrinx
1135 4029 1188 4080 01.
1206 4033 1270 4083 met.

153 4109 166 4158 I
179 4112 311 4178 69211111,
329 4114 476 4165 Narcissus
495 4112 561 4166 ibid.
573 4115 678 4166 111353
692 4129 751 4180 sqq.
771 4117 800 4165 et
811 4113 941 4165 Philostr.
956 4115 1059 4180 imagg.
1074 4116 1141 4175 123,
1161 4113 1270 4178 Cycnus

152 4194 348 4250 Α111111111.111).
369 4200 400 4248 12
419 4215 434 4249 1
452 4199 607 4262 Nicandro,
625 4199 763 4249 Arethusa
780 4199 862 4250 Paus.
880 4200 904 4250 V
923 4201 946 4262 1,
966 4203 991 4260 2,
1010 4198 1150 4265 Rhodopis
1169 4197 1269 4247 111111-

152 4277 282 4342 thynicus
299 4280 400 4332 Achill.
420 4283 484 4334 Tat.
503 4283 565 4334 loco
583 4299 667 4349 supra
685 4282 777 4348 paullo
796 4298 858 4333 mox
874 4283 1003 4334 notando.
1028 4282 1146 4333 Theocr.
1164 4280 1269 4331 XXVII

153 4363 186 4412 15
204 4360 323 4429 χαιρέτω
341 4356 359 4413 ἁ
379 4364 497 4431 Παφία·
515 4359 606 4431 μόνον
625 4363 706 4426 ἵλαος
719 4355 843 4432 ’Ἄρτεμις
863 4363 918 4432 11η.
