3254 5158
657 441 868 504 ...11-..

204 621 301 674 ctatua
317 613 420 692 potius
435 613 475 672 sit
489 612 608 674 urbana
623 614 756 695 quadam
771 616 958 694 amphibolia
979 620 1143 679 servanda.
1156 615 1182 696 ¹)
1216 641 1319 701 quam-

203 735 295 796 quam
310 723 415 794 potest
430 714 521 775 etiam
535 717 781 777 Ptolemaeorum
795 709 969 796 φιλομήροιν
989 729 1134 800 respectu
1147 723 1191 782 ita
1207 724 1318 801 egisse.

202 815 297 877 atde
325 817 384 876 isto
412 817 453 878 sit
474 837 550 877 sane
581 828 614 878 ut
641 818 735 879 lubet.
778 820 838 879 hoc
865 841 959 882 unum
987 822 1052 881 noli
1080 823 1235 899 obtinere,
1269 845 1318 884 me

203 918 383 979 Callimachi
407 919 626 996 epigrammate
648 921 968 1004 Harpocrationisqua
990 925 1058 984 locu
1080 927 1250 1005 composito
1274 927 1319 985 nil

201 1040 352 1100 parumve
375 1021 522 1082 effecisse.
567 1022 624 1082 sed
647 1023 687 1082 ad
709 1023 771 1082 alia
792 1025 981 1103 progredior.

285 1124 359 1181 Non
380 1131 464 1182 recte
487 1122 587 1184 adhuc
608 1125 800 1186 intellectum
823 1135 884 1200 est,
907 1128 934 1188 si
948 1148 997 1188 me
1012 1128 1115 1203 audis,
1140 1128 1318 1190 Callimachi

204 1225 392 1304 epigramma
413 1225 557 1286 XXVII:

323 1344 464 1418 Ἡσιόδου
485 1351 520 1418 τό
540 1347 567 1420 τ’
591 1351 698 1440 ι’ίιεισμα
720 1357 770 1420 καί
792 1351 809 1420 ὁ
830 1353 946 1440 τρόπος.
991 1352 1027 1423 οὐ
1049 1354 1100 1423 τὸν
1121 1355 1224 1424 αἰοιιίὸν

371 1457 508 1538 ἔσχατον,
531 1451 598 1524 ἄλλ’
622 1451 730 1539 davia,
754 1453 795 1540 μὴ
816 1455 849 1523 τὸ
871 1457 1077 1543 μείιχρότατον

329 1561 388 1621 τῶν
409 1559 501 1624 latus
522 1555 538 1625 ὁ
562 1556 674 1636 Σολεύς
695 1556 872 1643 ἀπεμάξατο.
917 1566 1030 1645 χαίρετε
1053 1565 1154 1627 λεπταί

370 1656 484 1742 ῥήσιες,
502 1657 629 1746 Ἀρήιον
640 1666 666 1746 ²)
690 1661 839 1745 σύμβολον
859 1659 1033 1748 ἀγρυπνίης.

251 1853 255 1858 -
283 1809 444 1868 Bentleius
463 1827 559 1888 ¹quem
576 1825 683 1866 omnes
712 1814 856 1866 secuntur
883 1807 926 1866 ita
954 1807 1189 1887 interpretatur:
1219 1811 1316 1869 Hesio-

199 1914 280 1981 dum,
303 1930 357 1970 non
376 1918 549 1985 postremam
570 1912 694 1985 quidem,
722 1911 773 1966 sed
793 1912 1165 1984 auuobsimum‘poeturam‚
1190 1915 1317 1970 imitatus

198 2021 239 2070 ert
260 2015 366 2072 Ανοίαο
390 2015 521 2072 Solensis.
566 2010 640 2092 quid
663 2010 761 2070 vero‘l
804 2030 910 2070 nonne
933 2010 1087 2092 fatebere,
1117 2014 1315 2092 oppositione

269 2247 289 2315 ¹)
307 2247 417 2299 Similia
434 2251 511 2298 carte
530 2247 597 2298 istos
610 2245 804 2320 grammaticos
816 2245 917 2298 lusisse
932 2247 1056 2313 exemplo
1069 2253 1178 2300 constat
1191 2249 1315 2302 Oratetei

199 2334 407 2401 epigrammatis
426 2333 501 2386 anth.
520 2333 552 2384 P.
570 2333 608 2382 XI
625 2333 685 2396 218,
704 2331 792 2396 quode
810 2349 836 2384 v.
855 2333 887 2384 Β.
899 2331 1090 2384 Thiersehium
1103 2334 1238 2386 Zeitalter
1255 2337 1311 2388 und

197 2419 303 2470 Vatari.
323 2419 371 2470 des
389 2419 492 2469 Homer
510 2433 535 2483 p.
555 2420 587 2468 62
606 2433 666 2484 sqq.

264 2504 287 2568 ²)
306 2503 475 2556 Meinehium
493 2503 583 2564 miror,
603 2503 647 2568 qui
666 2503 754 2568 ipsum
773 2507 871 2568 poetae
885 2518 984 2553 nomen
997 2503 1102 2567 expulit
1119 2504 1148 2552 in
1161 2505 1212 2554 tali
1230 2506 1311 2556 titulo

198 2591 315 2642 maxime
339 2589 540 2648 necessarium,
565 2588 610 2638 cui
634 2588 778 2639 substituit
799 2579 925 2653 οἷνρήτοο
945 2587 1094 2653 plaudente
1113 2589 1218 2640 Cobeto
1237 2608 1311 2642 mne-

198 2691 263 2726 mos.
273 2675 308 2725 X.
321 2692 348 2740 p.
358 2676 417 2726 389.
431 2672 502 2738 quod
515 2689 580 2724 vero
596 2672 635 2723 vir
648 2673 822 2723 doctissimus
835 2671 937 2722 nullum
951 2671 1072 2723 affirmat
1084 2674 1237 2740 exemplum
1249 2693 1312 2740 pro-

197 2761 297 2810 ductae
319 2761 424 2826 primae
447 2758 565 2811 nominis
577 2746 689 2822 Ἀρητος
713 2755 786 2822 apud
810 2772 857 2807 eoa
875 2757 1008 2820 inveniri,
1032 2758 1078 2821 qui
1097 2761 1234 2809 communi
1252 2761 1310 2809 dia-

196 2845 270 2896 lecto
288 2845 459 2910 scripserint,
476 2843 505 2894 id
522 2857 576 2894 uno
594 2842 662 2892 dicit
679 2840 816 2892 versiculo
835 2840 1036 2905 praetermisso,
1056 2843 1103 2906 qui
1121 2843 1310 2894 sinceritatem

195 2931 321 2996 proditae
339 2931 493 2995 scripturae
511 2927 624 2980 firmiter
641 2926 810 2991 comprobat.
839 2923 979 3006 Leonidas
993 2925 1066 2975 enim
1078 2926 1152 2979 anth.
1166 2928 1196 2978 P.
1209 2928 1248 2977 IX
1261 2930 1309 2979 25:

401 3039 523 3114 Γροίρμα
541 3036 606 3096 τόδ’
621 3035 744 3110 Ἀρήτοιο
763 3036 917 3109 δαήμονος,
936 3031 967 3102 ὅς
985 3058 1053 3095 nors
1072 3041 1159 3111 λεπτή

432 3129 568 3198 φροντίδι
586 3125 725 3196 <invasoris
742 3118 863 3192 οἷοτέρας
882 3119 1034 3193 ἐφράσατο.

196 3234 249 3302 ubi¹
261 3256 290 3304 et
306 3244 392 3318 λεπτὴ
416 3249 535 3316 φροντίς
554 3248 721 3300 Callimachi
739 3249 831 3315 arguit
847 3249 1038 3302 imitationem.
1074 3248 1200 3300 adhibuit
1218 3254 1311 3304 autem

195 3337 267 3388 hanc
285 3353 440 3388 mensuram
458 3337 578 3387 Homero
596 3335 691 3404 opinor
711 3338 838 3398 auctore,
862 3334 934 3386 sicut
953 3338 981 3384 et
998 3333 1147 3400 Hipponax
1165 3335 1235 3386 chol.
1256 3337 1309 3404 frg.

195 3424 227 3472 50
240 3425 268 3472 st
280 3423 312 3472 52
324 3421 448 3474 Meinek.
463 3437 497 3472 ac
509 3419 604 3470 dubito
618 3420 702 3470 etiam
715 3419 902 3482 vehementer,
921 3434 986 3469 num
998 3423 1074 3471 recte
1087 3420 1188 3469 feccrit
1200 3421 1310 3472 Koech-

196 3505 265 3570 lyus,
284 3506 355 3571 quod
372 3507 460 3556 Nonu.
479 3505 560 3555 Dion.
579 3505 669 3555 XXVI
687 3505 737 3555 250
756 3508 783 3554 et
800 3506 850 3554 265
868 3504 980 3569 scripsit
991 3491 1136 3569 Ἀρρητος,
1159 3520 1220 3555 cum
1238 3509 1311 3557 utro·

196 3605 246 3654 que
265 3591 323 3640 loco
336 3579 448 3656 ’Ἄρητος
466 3589 589 3640 habeant
607 3589 685 3651 libri,
710 3589 765 3638 nisi
783 3588 854 3653 quod
872 3605 897 3639 v.
911 3589 961 3639 265
979 3588 1152 3640 Monacensis
1170 3605 1231 3639 cum
1244 3591 1310 3642 dua·

195 3673 245 3724 bus
264 3676 384 3740 antiquis
403 3675 568 3726 editionibus
581 3665 721 3740 ’Άρρητος
733 3675 858 3741 praebet.
893 3688 957 3723 nam
968 3675 1086 3738 proclivi
1099 3691 1190 3725 errore
1202 3675 1310 3725 librarii

194 3774 279 3825 saepe
309 3759 487 3836 corroborapt
515 3774 663 3821 consonas,
695 3775 765 3825 quae
790 3758 934 3823 excipiunt
965 3758 1078 3810 vocales
1106 3759 1218 3810 insolite
1247 3776 1309 3825 pros

194 3842 299 3893 ductas.
335 3843 435 3907 veluti,
459 3848 489 3895 ut
513 3844 570 3895 alia
589 3844 728 3908 omittam,
753 3841 862 3893 Gallim.
881 3843 909 3892 iu
926 3843 990 3893 Del.
1009 3845 1059 3894 205
1077 3843 1160 3910 vulgo
1184 3844 1310 3896 scribunt

193 3917 331 3992 ἄρρητον,
353 3930 482 3979 Parisino
504 3929 626 3980 habente
645 3917 778 3992 ἄκρητον.
814 3927 863 3976 sed
881 3928 992 3994 propius
1010 3928 1045 3979 ad
1063 3929 1209 3980 veritatem
1228 3947 1308 3982 aece-

193 4011 257 4062 dere
284 4018 350 4078 puto
376 4015 478 4066 Veneti
503 4012 652 4064 lectionem
679 4002 801 4078 ἅρητον,
832 4012 904 4080 quod
930 4017 1034 4066 mutato
1060 4018 1167 4065 tantum
1190 4020 1309 4067 accentu

191 4097 299 4148 scribas
1315 4095 1318 4100 ’

411 4171 430 4248 ἣ
449 4171 479 4232 d'
495 4173 627 4248 οἱρητόν
644 4169 715 4247 ἄλης
732 4171 919 4235 οἱπετιαύσατο
937 4184 1049 4250 λυγρῆς.

190 4301 209 4350 i.
224 4316 248 4352 e.
266 4301 330 4350 ίιατο
347 4309 430 4352 autem
446 4309 559 4366 optatum
572 4303 648 4364 finem
665 4301 751 4351 habuit
768 4305 882 4354 errandi.
914 4305 1039 4368 impense
1058 4304 1130 4354 enim
1151 4307 1226 4354 amat
1244 4301 1306 4353 Gal-

189 4381 328 4434 limachus
347 4384 480 4436 adverbia
498 4385 553 4436 ista
572 4384 677 4435 ratione
695 4387 822 4438 formata.
