3284 5158
275 1217 580 1300 EPISTVLAE
615 1219 924 1303 ouommE
955 1222 1033 1306 xx
1061 1223 1135 1302 Er
1165 1223 1263 1305 xm
1368 1197 1369 1200 ‘

693 1433 844 1442 —--——-

519 1565 747 1644 Acontius
775 1567 1023 1672 Cydippae

252 1757 340 1815 Pone
363 1765 491 1818 metum:
515 1743 593 1817 nihil
613 1759 664 1817 hio
686 1760 796 1818 iterum
818 1759 932 1820 iurabis
950 1757 1080 1820 ‘amanti

295 1859 476 1938 promissam
498 1861 572 1918 satis
597 1869 696 1920 astte
719 1862 815 1920 semel
839 1881 907 1922 esse
929 1863 1013 1922 mihi.

252 1961 390 2040 perlege.
425 1961 565 2021 discedat
587 1959 630 2020 sie
653 1983 781 2042 corpore
804 1965 935 2042 languor
957 1963 995 2023 ab
1017 1964 1091 2038 isto,

295 2063 377 2142 quod
399 2083 484 2122 meus
508 2071 554 2122 est
575 2063 639 2123 ulla
661 2072 750 2142 parte
774 2063 880 2124 dolere
905 2065 1000 2125 dolor.

224 2163 326 2244 aquid
349 2164 451 2243 pudor
474 2186 528 2224 ora
549 2164 652 2224 subit?
684 2186 756 2225 nam
778 2168 856 2226 sieut
877 2168 910 2226 in
933 2167 1012 2226 aede
1034 2168 1158 2226 Dianae

294 2267 434 2345 suspicor
455 2267 608 2344 ingenuas
633 2266 790 2328 erubuisse
812 2289 920 2347 genas.

252 2369 427 2446 coniugium
449 2377 633 2448 pactamque
655 2368 761 2443 fidem,
786 2391 849 2429 non
873 2371 1013 2444 erimina,
1037 2389 1148 2448 poseo:

294 2469 415 2528 debitus
438 2479 471 2530 ut
493 2472 643 2544 coniunx,
667 2491 731 2529 non
753 2479 787 2530 ut
809 2471 946 2544 adulter,
970 2491 1048 2529 amo.

250 2571 346 2630 verba
368 2573 441 2631 lieet
462 2580 602 2651 repetas,
628 2590 707 2650 quae
731 2571 872 2650 demptus
896 2570 933 2630 ab
957 2570 1066 2630 arbore
1090 2572 1190 2630 foetus

193 2657 242 2734 Ι10
295 2674 421 2752 pertulit
443 2673 483 2733 ad
507 2683 605 2733 castas
628 2693 676 2732 me
698 2674 832 2732 iaciente
854 2693 978 2732 manus:

250 2776 393 2834 invenies
415 2775 479 2834 illie
501 2776 534 2835 id
556 2784 587 2834 te
610 2775 782 2853 spondere,
808 2774 891 2854 quod
915 2783 987 2853 opto

291 2885 322 2936 te
346 2878 462 2956 potius,
486 2878 589 2954 virgo,
614 2897 706 2956 quam
728 2877 903 2935 meminisse
927 2875 1026 2934 deam.

250 2998 333 3037 nune
356 2998 479 3059 quoque
501 2978 585 3037 idem
605 2987 716 3051 teneo,
740 2978 796 3038 sed
818 2977 901 3037 idem
923 2987 1026 3037 tamen
1049 2978 1146 3038 aerius
1169 2979 1261 3039 illud:

293 3079 465 3158 adsumpsit
486 3081 569 3140 vires
592 3089 741 3160 auctaque
764 3081 884 3139 flamma
906 3088 1029 3154 morast,

279 3265 466 3316 Adnotatio
494 3266 631 3316 critica.
670 3265 781 3314 titulum
804 3267 952 3311 AOONTWS
970 3267 1136 3309 crumas
1157 3263 1243 3314 habet
1265 3266 1324 3315 Pl.

204 3352 236 3400 in
253 3351 297 3400 Pa
316 3367 343 3404 v.
363 3351 454 3400 1-15
477 3349 576 3417 desunt
598 3349 666 3400 folio
688 3365 741 3399 uno
765 3350 899 3399 abscisso.
935 3364 961 3399 v.
981 3350 995 3396 1
1018 3349 1095 3398 nichil
1118 3353 1146 3398 et
1167 3349 1241 3398 miehi
1260 3365 1325 3399 eon·

205 3439 314 3500 stanter,
331 3450 425 3486 omnes
444 3440 560 3499 excepto
578 3436 630 3484 Pl.
649 3462 682 3470 -
700 3451 726 3486 v.
745 3437 760 3484 2
780 3436 912 3499 periuram
932 3433 963 3484 G.
981 3460 1014 3468 -
1031 3450 1058 3484 v.
1078 3436 1094 3484 3
1111 3436 1201 3498 langor
1218 3433 1282 3484 LS.
1293 3460 1326 3468 -

203 3578 232 3612 v.
251 3562 268 3610 4
286 3564 329 3628 qui
344 3561 422 3624 libri,
448 3561 547 3626 scripsi
566 3563 642 3626 quod.
677 3526 768 3626 doidre
786 3561 829 3610 Pl
843 3561 875 3624 S,
899 3563 987 3611 dolere
1007 3559 1030 3610 G
1047 3561 1080 3612 L.
1104 3574 1136 3596 ²-
1159 3575 1185 3610 v.
1205 3563 1220 3610 5
1240 3562 1327 3634 pudor

204 3652 265 3696 ante
283 3647 326 3696 Pl
341 3645 364 3696 G
377 3647 413 3708 L,
431 3648 519 3710 pudor
536 3663 569 3694 aa
587 3641 633 3709 (aa
650 3661 698 3710 pro
717 3643 762 3707 aa)
781 3645 812 3704 S,
829 3647 916 3709 pudor
934 3662 981 3695 ora
1000 3643 1106 3708 aliquot
1119 3645 1229 3695 codiees
1242 3645 1326 3694 inter-

203 3770 295 3837 polati
314 3776 342 3822 et
360 3771 496 3822 editiones
514 3775 633 3821 veteres.
653 3797 685 3805 -
703 3787 728 3822 v.
747 3773 763 3822 8
781 3737 878 3822 debitis
896 3763 948 3820 P'l.
977 3773 1072 3822 cantrix
1089 3771 1132 3820 Pl
1151 3771 1184 3820 L.
1204 3798 1236 3806 -
1253 3787 1280 3821 ν.
1295 3774 1326 3822 10

203 3856 304 3948 iadente
323 3898 355 3948 G.
377 3925 405 3936 -
425 3915 451 3948 v.
472 3901 504 3950 13
522 3915 587 3948 nune
606 3913 703 3964 quoque
720 3899 785 3948 idem
803 3899 886 3946 timeo.
910 3899 959 3946 sed
974 3899 1040 3946 idem
1058 3904 1140 3946 tamen
1158 3899 1243 3947 aerius
1255 3893 1323 3962 iliud}

203 3983 346 4048 adsumpsit
364 3986 443 4042 vires,
462 3991 587 4050 auctaque
602 3985 701 4048 flamma
718 3999 789 4033 mora
807 3989 846 4031 est
862 3978 946 4046 vulgo
964 3980 1150 4047 distinguunt,
1169 3997 1249 4046 quam
1269 3998 1324 4030 mu-

204 4068 265 4117 tavi
278 4067 538 4132 interpunctionem.
563 4071 635 4120 timeo
654 4067 732 4127 libri,
752 4075 824 4118 teneo
838 4064 1062 4131 Oudendorpius,
1081 4068 1155 4131 cupio
1167 4066 1323 4129 Bentleius,

205 4150 285 4202 cuius
303 4152 511 4203 emendationes
525 4151 679 4203 Ovidianae
698 4156 762 4202 sunt
779 4153 808 4206 in
821 4151 904 4203 Ovidi
923 4151 1045 4202 editione
1058 4150 1210 4201 Oxonien'si
1222 4167 1246 4201 a.
1260 4149 1325 4198 1826

202 4276 260 4328 vol.
278 4277 310 4328 V.
328 4304 362 4312 -
379 4294 405 4330 v.
426 4281 458 4328 14
476 4281 616 4344 adsumpsit
633 4279 686 4343 Pl,
705 4282 822 4330 assumsit
840 4279 871 4342 G,
891 4279 1026 4343 assumpsit
1044 4277 1140 4328 ceteri.
1172 4240 1325 4342 stamindma

203 4369 245 4414 asi
262 4363 319 4426 Pl,
336 4364 414 4429 flama
430 4380 486 4414 mea
503 4371 542 4414 est
559 4364 586 4418 S.
