3254 5158
719 395 928 458 ...78-

267 561 366 650 βάρος.
411 591 483 630 nam
504 571 530 630 is
548 571 703 629 rhetorum
719 569 885 628 communis
908 567 992 626 locus
1016 575 1072 625 est.
1089 566 1128 624 cf.
1143 563 1382 626 Boissonadium

268 673 309 732 ad
330 673 486 732 Aristaen.
508 674 528 730 l.
554 692 579 730 c.
604 680 635 730 et
657 670 697 730 ad
719 671 820 728 Nicet.
842 669 964 745 Eugen.
988 688 1019 746 p.
1044 677 1102 740 105,
1130 675 1186 740 137,
1219 674 1279 728 404.
1324 685 1384 724 nec

267 775 363 852 magis
386 775 445 834 hoc
466 773 681 832 affirmaverim
705 771 744 830 de
761 770 911 847 Gregorio
927 770 1003 828 Naz.
1021 788 1111 826 carm.
1128 767 1162 826 ΙΙ
1178 775 1201 842 1,
1217 776 1268 830 265
1285 787 1315 844 p.
1331 774 1383 828 312

269 874 404 935 Oaillau:
428 870 513 947 ξυναὶ
535 869 586 931 καὶ
608 869 770 949 palriciaco
793 867 1000 946 ἕλαφρίζονσιν
1015 861 1116 944 ἀνίας,
1138 870 1191 928 vel
1213 868 1253 927 de
1267 869 1381 927 Nonno

268 977 363 1035 XLII
378 984 430 1038 214
444 976 493 1055 sd.
517 995 640 1053 prorsus
664 974 787 1032 diversa
804 971 1019 1032 Callimacheis
1042 978 1199 1050 comparat
1219 966 1382 1028 Iakobsius

267 1077 380 1136 Achill.
403 1077 474 1135 Tat.
497 1075 537 1134 ad
560 1097 591 1154 p.
615 1084 674 1149 152,
698 1084 741 1135 22.
929 1067 932 1072 ’

354 1177 519 1256 Cydippae
536 1197 588 1236 eos
604 1196 720 1250 versus,
738 1175 847 1255 quibus
863 1176 1011 1235 Acontius
1026 1176 1059 1232 in
1075 1173 1243 1234 solitudine
1260 1171 1381 1231 abditus
1397 1219 1403 1232 .

268 1299 339 1338 suos
361 1277 522 1357 promebat
543 1278 666 1337 solliciti
688 1278 797 1336 amoris
820 1295 943 1348 sensus,
976 1276 1103 1355 antiquo
1132 1283 1271 1354 tempore
1299 1273 1382 1332 haud

267 1381 379 1439 leviter
401 1381 518 1438 animos
542 1380 740 1439 commovisse
762 1397 935 1457 magnaque
958 1377 1093 1455 viguisse
1116 1377 1229 1455 gloria,
1260 1374 1382 1455 quibus·

269 1481 340 1540 dam
368 1481 507 1558 vestigiis
535 1488 663 1539 constat.
714 1498 749 1536 ac
776 1479 915 1560 profecto
945 1478 1084 1556 insignes
1113 1477 1209 1538 fuisse
1236 1476 1382 1535 videntur

267 1582 402 1641 iucunda
436 1581 569 1661 quadam
596 1579 805 1653 mollitudine,
841 1599 920 1659 quae
947 1580 980 1637 in
1014 1577 1231 1640 Alexandrina
1262 1578 1381 1637 demum

267 1684 370 1762 poesi,
394 1691 504 1762 postca
525 1684 558 1740 in
581 1681 692 1740 fabulis
716 1681 885 1754 amatoriis,
910 1701 1037 1760 quorum
1059 1681 1224 1760 scriptores
1246 1681 1382 1739 Alexan-

268 1785 424 1844 drinorum
446 1791 606 1862 poetarum
628 1784 752 1842 fuerunt
773 1782 921 1854 heredes,
944 1783 1051 1862 utique
1076 1781 1217 1842 obtinuit.
1252 1801 1382 1861 eumque

268 1885 490 1944 somniculosae
515 1904 616 1963 paene
639 1883 848 1943 meditationis
871 1884 1042 1943 amantibus
1065 1885 1098 1942 in
1121 1885 1225 1962 primis
1249 1903 1382 1942 conven-

268 1987 360 2045 ientis
383 1995 522 2045 tenerum
546 1987 693 2058 colorem,
723 1986 813 2044 simul
833 2003 933 2044 rerum
956 1985 1138 2044 naturalium
1161 1984 1335 2070 cogitando
1349 1985 1382 2042 in

268 2090 446 2148 societatem
479 2088 679 2148 humanorum
711 2107 855 2146 sensuum
887 2086 1106 2146 trahendorum
1138 2087 1262 2146 mollem
1293 2086 1383 2144 istam

267 2189 432 2261 rationem,
462 2189 540 2247 haec
561 2189 654 2265 igitur
677 2208 755 2268 quae
780 2208 816 2246 eo
838 2188 1034 2248 continentur
1055 2208 1186 2267 genere,
1219 2187 1302 2268 qnod
1324 2209 1382 2246 ro-

268 2291 470 2348 manticum
494 2289 597 2348 dicere
612 2299 734 2348 nosmet
750 2288 972 2364 consuevimus,
994 2310 1054 2369 quo
1069 2289 1160 2349 modo
1176 2289 1383 2348 Alexandrini

268 2401 379 2469 poetae
397 2391 596 2466 excoluerint,
614 2391 792 2451 Callimachi
809 2390 899 2450 docet
911 2390 1058 2470 Oydippa
1073 2390 1203 2450 notabili
1219 2389 1382 2450 admodum

269 2513 327 2551 nec
350 2493 471 2552 insuavi
495 2493 646 2572 exemplo.

353 2591 390 2653 ‘0
407 2591 542 2667 arbores,
566 2593 717 2653 clamabat
732 2595 891 2669 Acontius,
916 2615 967 2653 cur
983 2615 1047 2653 non
1062 2613 1150 2654 mens
1172 2593 1260 2653 vobis
1283 2594 1382 2653 indita

191 2757 192 2760 ,
268 2713 331 2755 non
347 2715 417 2769 vox,
442 2715 503 2775 qua
517 2716 610 2755 unum
627 2716 732 2756 omnes
747 2697 804 2754 hoc
825 2696 1032 2774 pronuntietis
1050 2695 1218 2775 “Cydippa
1233 2693 1382 2774 pulcra'’?

266 2799 383 2856 utinam
398 2798 527 2874 singulis
550 2797 632 2857 foliis
654 2807 699 2858 tot
714 2798 883 2877 insculptas
906 2797 1006 2856 saltim
1026 2799 1143 2856 litteras
1167 2798 1283 2872 feratis,
1309 2807 1383 2878 quot

267 2901 404 2978 pulcram
426 2900 590 2978 appellent
613 2897 789 2978 Cydippam
798 2896 815 2958 1²
840 2907 871 2958 et
892 2919 963 2958 mcx
986 2901 1067 2958 ‘num
1091 2899 1173 2978 quod
1195 2898 1284 2960 vobis
1308 2919 1381 2979 quo-

267 3021 341 3080 que,
375 3020 463 3059 meae
491 2999 633 3074 arbores,
668 3010 801 3060 mutuum
832 3000 1018 3060 desiderium
1044 3000 1141 3074 inest,
1176 3021 1247 3059 num
1275 3001 1381 3080 pinum

266 3103 398 3162 fortasse
426 3120 587 3180 cupressus
617 3101 758 3181 deperit?
792 3122 856 3163 non
886 3101 989 3165 credo.
1033 3121 1104 3161 nam
1136 3103 1180 3160 ita
1208 3121 1272 3161 non
1305 3101 1382 3160 folia

265 3212 385 3262 tantum
406 3203 567 3262 mitteretis
590 3221 648 3263 nee
663 3204 721 3264 soli
743 3205 819 3262 rami
841 3223 895 3263 suo
912 3203 986 3262 flore
1002 3204 1206 3284 privarentur,
1230 3201 1287 3262 sed
1304 3201 1380 3260 deus

266 3304 400 3365 adessa
428 3312 527 3364 certus
556 3306 656 3384 ipsum
685 3306 776 3364 etiam
804 3313 943 3365 truncum
971 3313 1002 3364 et
1030 3303 1149 3364 radices
1178 3303 1300 3382 ignibus
1329 3302 1380 3362 ab·

266 3414 399 3465 sumeret
421 3414 514 3484 atque
537 3398 760 3483 conflagraret’
805 3413 1020 3484 compararunt
1034 3406 1145 3465 Achill.
1162 3405 1232 3464 Tat.
1249 3405 1266 3464 Ι
1288 3413 1330 3478 17,
1347 3413 1380 3466 3:

265 3499 281 3563 ὅ
305 3502 336 3564 δὲ
358 3498 453 3583 λόγος,
475 3495 545 3562 hmo
561 3501 616 3581 μὲν
630 3495 722 3564 iilloc
743 3497 839 3581 φυτὸν
861 3501 942 3584 ἐρᾶν,
964 3506 1007 3588 τῷ
1030 3503 1062 3566 δὲ
1083 3505 1198 3582 φοίνικι
1220 3495 1273 3564 τὸν
1289 3501 1381 3584 ἔρωτα

264 3606 376 3685 μᾶλλον
398 3603 529 3684 ἐνοχλεῖν
552 3627 579 3666 e.
603 3628 633 3687 q.
656 3628 680 3667 s.
712 3628 803 3687 quem
830 3610 930 3667 locum
959 3610 1115 3669 transtulit
1136 3618 1232 3668 totum
1254 3610 1380 3668 Nicetes

265 3711 343 3787 Eug.
368 3711 414 3770 IV
437 3717 487 3771 142
509 3704 597 3786 599.¹)
642 3710 743 3768 athis
767 3712 891 3787 gravior
914 3719 960 3772 est
981 3719 1090 3790 aperta
1106 3709 1379 3782 Callimacheorum

183 3857 185 3864 ,
265 3811 393 3869 imitatio
416 3811 560 3891 Properti
581 3810 598 3868 I
620 3819 653 3874 19
675 3830 722 3891 sq.

265 4013 291 4060 p.
304 3998 335 4045 31
354 3994 405 4061 τῆς
423 3985 523 4058 ἀνίας,
547 3995 745 4046 Boissouadius
763 3992 813 4061 τῆς
831 3993 973 4055 διανοίας.
1009 3997 1187 4050 AchillTat.
1201 3998 1251 4061 16,
1270 3999 1299 4048 3:
1320 3987 1377 4048 ἔπι-

267 4079 399 4145 anostra
417 4079 468 4146 τῆς
486 4073 643 4145 adouacrio
662 4072 765 4146 ἀκμήν.
786 4085 814 4130 et
832 4080 889 4146 18,
912 4085 957 4131 11:
983 4073 1151 4147 ἕννκονφιεῖ
1165 4078 1198 4134 δέ
1216 4098 1264 4148 μοι
1282 4075 1315 4132 τὸ
1332 4096 1379 4145 γν-

264 4161 387 4231 μννῖσιον
404 4163 455 4232 τῆς
472 4163 567 4230 ψυχῆς
585 4157 617 4214 τὸ
635 4159 823 4231 λυπούμενον.

334 4249 352 4313 ¹)
371 4250 529 4300 Palmnrum
547 4249 653 4314 quidem
673 4267 780 4302 amores
799 4251 833 4300 ab
843 4249 984 4303 inferioris
999 4253 1100 4303 aetatis
1112 4251 1302 4317 scriptoribus,
1321 4266 1377 4299 ma-

263 4336 336 4386 xime
354 4335 524 4398 rhetcribue,
547 4350 603 4384 non
620 4349 682 4386 raro
701 4341 954 4389 commemorantur.
980 4338 1015 4387 cf.
1030 4337 1190 4388 Iahobsium
1202 4334 1302 4386 Achill.
1314 4336 1377 4384 Tat.
