3284 5158
703 433 740 444 —
773 396 846 460 Ι147
891 435 933 446 —-

330 573 436 632 iuncta
457 569 541 630 salus
564 578 712 630 nostrast:
741 570 888 630 miserere
908 569 1031 650 meique
1053 569 1170 650 tuique.

375 672 450 754 quid
474 671 596 734 dubitas
618 691 712 732 unam
733 671 815 732 ferre
839 668 957 730 duobus
981 670 1092 751 opem?

260 784 311 839 235
336 774 419 855 quod
442 776 469 835 si
491 774 669 854 contigerit,
692 774 842 833 numiam
866 772 939 832 data
960 773 1051 852 signa
1072 771 1227 834 sonabunt

373 877 533 958 tinctaque
556 877 660 936 votivo
683 875 836 955 sanguine
857 873 957 935 Delos
980 875 1053 949 erit,

334 997 428 1038 aurea
449 988 583 1058 ponetur
604 978 678 1037 mali
700 977 799 1038 felicis
821 977 923 1056 imago

374 1099 529 1162 causaque
550 1079 709 1140 versiculis
732 1079 847 1159 scripta
870 1076 988 1140 duobus
1012 1077 1085 1137 erit:

333 1183 452 1260 ‘effigie
473 1183 558 1263 pomi
579 1189 709 1244 testatur
729 1179 880 1240 Acontius
901 1179 1007 1257 huius,

232 1279 312 1345 ’240
377 1303 456 1364 qnae
479 1284 594 1344 fuerint
616 1283 649 1342 in
673 1302 709 1342 eo
733 1283 862 1361 scripta,
886 1281 982 1342 fuisse
1004 1281 1098 1342 rata)

333 1382 468 1465 [longior
489 1385 640 1444 infirmum
662 1405 703 1444 ne
725 1385 821 1444 lasset
843 1384 978 1464 epistola
998 1403 1125 1463 corpus,

373 1487 539 1568 clausaque
553 1494 709 1581 ‘consueto
732 1486 773 1546 sit
793 1484 850 1545 tibi
871 1485 949 1546 fine:
972 1481 1079 1565 valel]

593 1822 813 1924 Cydippe
841 1822 1046 1897 Acontio

330 1996 478 2055 Pertimui
501 1996 709 2076 scriptumque
731 2003 815 2056 tuum
837 1996 906 2056 sine
928 2015 1078 2056 murmure
1100 1996 1178 2074 legi,

372 2099 488 2157 inraret
509 2117 629 2180 nequos
650 2098 750 2158 inscia
771 2098 879 2176 lingua
902 2097 987 2160 deos.

331 2208 362 2259 et
383 2208 458 2279 puto
482 2207 639 2279 captasses
661 2200 787 2274 iterum,
811 2200 886 2275 nisi,
908 2208 942 2259 ut
961 2200 1030 2280 ipse
1053 2197 1175 2275 fateris,

372 2301 553 2381 promissam
575 2302 670 2362 scires
691 2322 740 2362 me
763 2303 838 2363 satis
862 2321 931 2362 esso
953 2302 1059 2362 semel.

294 2413 310 2464 5
332 2422 391 2462 nec
412 2403 530 2463 lectura
552 2403 613 2463 fui:
643 2403 716 2478 sad,
738 2404 764 2464 si
785 2402 841 2464 tibi
865 2403 942 2463 dura
963 2404 1105 2477 fuissem,

373 2513 463 2564 aucta
485 2506 565 2565 foret
586 2523 701 2566 saevae
723 2504 855 2564 forsitan
877 2505 924 2564 ira
947 2503 1037 2564 deae.

330 2606 433 2665 omnia
454 2626 522 2669 cum
543 2606 669 2681 faciam,
692 2625 759 2666 cunr
783 2605 853 2666 dem
874 2607 1016 2685 pistura
1036 2606 1174 2680 Dianae,

373 2707 427 2767 illa
448 2718 551 2768 tamen
574 2709 656 2768 iusta
677 2708 746 2788 plus
768 2707 825 2767 tibi
847 2717 936 2788 parte
959 2707 1052 2767 favet.

331 2803 436 2888 [utque
460 2810 545 2890 cupis
569 2809 667 2883 credi,
691 2810 816 2870 memori
835 2817 867 2868 te
890 2808 1028 2868 vindicat
1049 2808 1105 2868 ira.

276 2920 311 2974 10
373 2912 444 2970 talis
466 2912 499 2970 in
521 2911 698 2990 Hippolyto
720 2910 774 2971 vix
795 2911 854 2992 fuit
874 2911 928 2970 illa
949 2910 1028 2986 sue]

330 3018 362 3070 at
382 3011 491 3071 melius
513 3013 601 3090 virgo
624 3012 754 3072 favisset
775 3012 904 3090 virginis
927 3012 1033 3084 annis,

374 3131 450 3191 quos
472 3132 583 3174 vercor
605 3131 720 3192 paucos
742 3133 783 3173 ne
805 3112 882 3172 velit
905 3131 973 3172 esse
995 3112 1079 3172 mihi.

330 3214 462 3292 languor
484 3214 567 3274 enim
589 3215 688 3274 causis
710 3234 775 3274 non
797 3213 1020 3294 apparentibus
1042 3213 1167 3287 haeret,

374 3314 505 3375 adiuvor
527 3325 559 3376 et
580 3317 666 3374 nulla
688 3316 773 3376 fessa
793 3314 948 3375 medentis
971 3334 1042 3394 ope.

275 3426 308 3480 15
332 3434 423 3496 quam
445 3416 501 3477 tibi
523 3436 606 3476 nnnc
627 3417 774 3496 gracilem
795 3417 849 3476 vix
869 3416 948 3476 haec
969 3414 1139 3476 rescribere
1162 3435 1315 3496 quamque

372 3518 491 3598 pallida
512 3519 566 3577 vix
588 3517 689 3579 cubito
712 3518 848 3578 membra
869 3519 976 3578 levare
997 3516 1110 3598 putas?

329 3619 390 3679 huc
410 3619 501 3679 timor
523 3620 658 3694 accedit,
682 3621 792 3699 nequis
815 3619 876 3678 nisi
898 3619 1022 3679 conscia
1042 3620 1147 3678 nutrix

328 3837 354 3872 v.
367 3823 418 3874 233
431 3828 469 3872 est
481 3819 575 3872 omisit
587 3819 613 3870 S.
628 3847 659 3855 -
672 3836 698 3873 v.
711 3820 761 3870 236
773 3821 926 3884 contingerit
937 3818 965 3869 S.
988 3825 1049 3869 rota
1060 3799 1134 3884 ripae
1147 3819 1270 3885 cuperus
1281 3817 1300 3873 l.
1313 3834 1338 3870 c.
1350 3818 1378 3869 11

260 3906 352 3971 prou.
361 3931 395 3942 -
404 3921 431 3957 v.
438 3906 486 3956 241
497 3920 537 3971 sq.
550 3920 606 3956 non
617 3904 706 3954 minus
715 3903 802 3970 spurii
812 3919 893 3969 quam
904 3919 946 3970 ep.
956 3903 1021 3953 XIV
1031 3905 1078 3954 131
1087 3919 1130 3968 sq.
1153 3920 1179 3956 v.
1189 3905 1239 3953 242
1248 3902 1377 3986 insulsus.

330 4006 420 4072 Gidr‘pe
437 4007 549 4058 Acontio
566 4006 610 4057 Ρ2
623 4005 651 4057 S.
670 4033 704 4042 —
721 4021 748 4058 v.
765 4006 782 4055 4
798 4021 836 4056 me
853 4007 930 4056 semel
947 4020 1002 4056 erre
1020 4006 1084 4056 εαιὶε
1100 4004 1154 4055 Ρ2.
1175 4031 1204 4041 -
1223 4021 1249 4057 v.
1268 4006 1285 4055 7
1302 4003 1379 4056 tburu

260 4089 305 4140 Ρ2
318 4090 345 4144 S.
359 4119 391 4129 -
408 4107 437 4142 v.
448 4093 464 4142 9
477 4107 517 4158 sq.
531 4091 742 4156 circumscripsi.
755 4117 787 4127 -
805 4106 832 4142 v.
846 4091 878 4141 10
892 4092 990 4157 ypolito
1002 4089 1047 4140 1³2
1059 4089 1085 4141 S.
1099 4117 1130 4125 -
1148 4106 1174 4142 v.
1188 4089 1219 4138 12
1235 4089 1337 4138 reireor
1349 4086 1377 4137 S.

260 4172 307 4224 hic
324 4175 458 4226 deficiunt
475 4175 554 4226 GP2
568 4176 594 4225 S.
616 4203 646 4215 —
664 4191 690 4226 v.
710 4178 742 4226 13
760 4178 851 4241 lonpor
867 4175 962 4226 P3rv.
979 4201 1013 4211 -
1031 4191 1058 4226 v.
1077 4175 1109 4223 16
1127 4174 1214 4224 tabido
1231 4173 1276 4221 vin
1292 4170 1377 4221 Bent-

260 4257 344 4318 leius,
367 4260 417 4309 sed
441 4261 477 4310 of.
500 4265 564 4310 met.
583 4260 647 4310 xlv
666 4261 728 4323 734,
754 4276 796 4326 op.
815 4261 854 4310 XI
871 4262 913 4311 77.
945 4267 1011 4324 puta
1033 4275 1047 4307 r
1069 4257 1222 4308 Bentleius.
1245 4280 1276 4289 -
1298 4270 1326 4305 v.
1346 4255 1378 4304 17

261 4358 325 4392 nunc
343 4347 418 4394 curor
434 4343 457 4392 L
470 4344 514 4396 Ρ3
526 4359 544 4395 v
556 4359 583 4406 r,
601 4344 649 4393 lure
665 4346 739 4394 timor
756 4345 900 4394 Heinsius.

1109 4423 1172 4486 10*
