3254 5158
757 427 946 490 ..6.-

382 603 439 664 Oui
467 603 621 682 poematia
645 601 683 661 ob
706 623 830 683 prorsus
858 603 1047 664 consimilem
1068 605 1242 666 sententiae
1261 598 1411 666 rationem

297 706 383 765 illurn
404 705 590 782 subiungere
612 704 715 783 placet
737 706 836 764 locum
859 725 898 765 er
918 707 1010 765 tertio
1033 725 1210 766 caussarum
1227 705 1303 766 libro
1319 715 1352 766 ut
1366 707 1410 766 vi-

298 808 386 867 detur
409 807 602 886 desumptum
625 806 678 886 (cf.
693 807 869 868 Heckerum
892 816 1053 868 comment.
1077 807 1117 868 de
1139 807 1255 868 anthol.
1273 807 1326 869 Gr.
1344 815 1412 870 rste

298 930 329 987 p.
345 917 398 972 263
412 906 485 988 sq.),
509 927 569 988 quo
594 907 771 968 declarabat
787 909 1006 984 Callimachus,
1029 930 1063 970 se
1086 931 1153 970 cum
1175 911 1237 970 alia
1259 909 1411 990 quaedam

297 1010 495 1089 Pythagorae
523 1009 697 1090 approbare
725 1020 908 1091 praecepta,
937 1020 1001 1071 turn
1027 1032 1102 1072 vero
1126 1011 1204 1073 illud
1225 1003 1265 1088 μή
1289 1007 1411 1088 στείχειν

296 1101 351 1186 τὴν
370 1102 537 1188 λεωφόρους

902 1220 939 1289 al
959 1219 1000 1307 pti
1023 1226 1179 1288 amimam
1198 1220 1308 1307 ἅμαξαι
1341 1212 1345 1216 ’

489 1321 608 1391 vat
545 1345 594 1390 cca
595 1329 687 1409 ίβειν,
709 1327 817 1411 ἐτέρων
836 1320 864 1390 d'
882 1329 965 1410 ἴχνια
984 1321 1025 1409 μὴ
1048 1323 1178 1408 κάθομα.
1190 1327 1216 1407 ¹)

249 1535 254 1542 .
296 1485 335 1544 cf.
360 1483 478 1544 Gallim.
510 1485 568 1564 frg.
596 1493 648 1548 293
676 1506 714 1548 ex
744 1485 967 1570 Olympiodoro
997 1487 1036 1546 ad
1066 1485 1146 1548 Plat.
1175 1483 1293 1544 Phaed.
1323 1505 1353 1564 p.
1377 1493 1411 1548 25

296 1587 482 1666 augendum.
525 1589 597 1648 hinc
619 1589 797 1668 Propertius
820 1589 866 1650 IV
889 1597 986 1663 l,14.

540 1726 595 1764 aaa
616 1711 705 1766 datar
726 1710 765 1766 aa
785 1708 884 1768 Musas
905 1725 1024 1768 carrera
1042 1711 1100 1766 lota
1121 1710 1176 1765 aia.

379 1857 599 1930 Difficillimum
628 1858 727 1918 locum
750 1858 790 1917 ad
818 1867 922 1937 partes
952 1878 1067 1918 vocans
1091 1879 1154 1917 non
1177 1858 1210 1917 id
1239 1851 1321 1918 nunc
1344 1880 1411 1939 ago,

294 1968 328 2018 ut
357 1967 518 2018 retractem
545 1966 640 2017 totam
669 1960 709 2018 de
737 1961 824 2039 cyclo
847 1961 1012 2020 Homerico
1041 1960 1093 2018 vel
1116 1961 1204 2038 epico
1234 1961 1412 2020 latissimam

296 2062 523 2140 quaestionem,
558 2069 592 2120 ut
622 2080 701 2140 quae
729 2059 767 2120 ab
797 2067 938 2121 accurato
967 2069 998 2120 et
1024 2060 1127 2122 subtili
1156 2066 1292 2136 poematis
1317 2067 1415 2136 cyclici

261 2185 265 2192 ·
297 2162 438 2222 examine
464 2182 557 2239 aegre
586 2160 721 2240 disiungi
750 2170 851 2241 queat.
897 2171 928 2222 at
955 2170 1058 2222 tamen
1089 2162 1163 2242 quid
1191 2163 1330 2222 utilitatis
1358 2163 1412 2222 tali
1482 2223 1485 2229 ,

295 2264 431 2341 seposito
462 2265 603 2322 examine
634 2284 672 2323 ex
698 2263 761 2323 illis
789 2264 948 2324 versiculis
983 2272 1118 2324 nostram
1146 2265 1179 2323 in
1208 2284 1273 2324 rem
1300 2265 1430 2325 redun-¹

297 2364 385 2438 dare,
416 2383 494 2444 quae
523 2366 656 2424 invicem
681 2366 735 2425 lux
755 2365 814 2425 hac
835 2373 967 2444 pernota
989 2372 1117 2440 poemati
1143 2370 1245 2441 cyclica
1272 2367 1412 2426 videatur

296 2467 399 2525 afferri
421 2487 528 2546 posse,
552 2469 659 2546 paucis
683 2466 837 2526 indicabo.
875 2487 1057 2549 quamquam
1076 2470 1105 2528 'si
1129 2489 1166 2528 ea
1188 2469 1336 2546 poematis
1360 2489 1410 2546 cy·
1494 2462 1497 2478 ’

296 2568 362 2627 clici
377 2565 604 2646 'interpretatio
627 2570 716 2630 nobis
738 2568 934 2648 probaretur,
965 2591 1057 2651 quam
1084 2570 1258 2650 nuperrime
1285 2570 1412 2649 protulit

294 2670 486 2743 Meinekius,
520 2671 707 2749 epigramma
728 2670 806 2732 illud
829 2671 870 2732 ad
898 2681 1093 2752 praesentem
1122 2673 1332 2750 quaestionem
1358 2671 1410 2730 ali-

296 2780 410 2851 quanto
433 2773 532 2833 minus
554 2774 749 2838 conduceret.
779 2775 805 2836 is
824 2776 905 2835 euim
921 2773 1064 2848 adnotat,
1088 2793 1123 2833 se
1138 2774 1286 2853 cyclicum
1302 2792 1412 2852 poema

294 2874 478 2951 intellegere
508 2875 547 2934 de
575 2881 718 2936 cantilenis
740 2882 768 2935 in
789 2880 907 2950 publicis
934 2879 1073 2938 bominum
1095 2878 1213 2936 caetibus
1233 2880 1299 2934 cani
1314 2879 1411 2932 solitis.

296 2976 438 3055 speciosa
459 2978 597 3055 profecto
622 2979 775 3057 opinatio,
806 2979 854 3037 cui
877 2977 1021 3057 equidem
1050 2978 1133 3038 haud
1156 2977 1356 3057 obloquerer,
1386 2978 1412 3033 si

294 3078 346 3135 vel
375 3097 392 3135 e
419 3077 590 3158 longinquo
619 3079 727 3138 videre
757 3079 877 3150 liceret,
913 3097 974 3157 quo
1004 3079 1100 3136 fretus
1128 3098 1185 3136 usu
1212 3076 1337 3134 dicendi
1366 3076 1412 3130 vir

296 3179 438 3255 egregius
464 3179 598 3255 poemati
621 3179 736 3256 cyclica
760 3181 918 3238 notionem
941 3179 1116 3237 cantilenae
1138 3176 1308 3234 convivalis
1331 3174 1411 3234 simi-

294 3278 393 3336 lemve
427 3278 580 3338 attribuat.
626 3279 709 3360 quod
744 3279 867 3359 quidem
901 3299 937 3338 eo
971 3279 1067 3357 magis
1102 3275 1309 3348 desiderabis,
1351 3294 1410 3355 quo

363 3528 383 3592 ¹)
401 3529 604 3582 Valckenarius
622 3531 731 3582 Gallim.
756 3531 829 3596 eleg.
853 3532 925 3597 frgg.
950 3548 975 3596 p.
995 3530 1045 3580 298
1063 3528 1181 3594 corrigit
1198 3526 1231 3594 τᾷ
1249 3520 1288 3594 μὴ
1376 3528 1411 3595 τᾷ

295 3613 430 3680 casiliaco,
455 3615 558 3680 absque
582 3617 655 3666 omni
677 3616 884 3682 probabilitate.
922 3631 986 3666 nam
1010 3619 1038 3665 et
1055 3615 1198 3664 Dorismus
1222 3616 1252 3665 iu
1274 3614 1318 3664 his
1343 3615 1410 3664 ferri

295 3699 390 3764 nequit
413 3704 441 3749 et
472 3699 508 3750 ad
535 3701 608 3751 hunc
637 3700 727 3751 locum
756 3701 848 3751 refero
876 3699 998 3765 Hesych.
1022 3692 1174 3750 πατέουσι·
1204 3698 1409 3762 accommodat,

295 3800 365 3848 quae
383 3800 509 3849 quorsum
528 3789 687 3850 spectarent
703 3785 822 3836 nondum
841 3789 901 3835 erat
924 3785 1075 3834 inventum.
1104 3783 1253 3849 eodemque
1271 3786 1409 3849 pertinere

294 3869 417 3933 Hesychi
441 3869 561 3936 glossam
583 3862 717 3936 πάθομα·
747 3861 820 3920 κατὰ
842 3863 874 3922 τὸ
897 3861 971 3921 arico
996 3869 1157 3920 observavit
1178 3869 1235 3920 iam
1253 3868 1406 3920 Bentleius.

295 3954 435 4004 confertur
463 3970 524 4005 curn
551 3955 604 4006 hoc
634 3956 688 4021 frg.
718 3971 735 4006 a
762 3954 890 4006 Bentleio
917 3955 999 4020 Verg.
1028 3969 1122 4020 georg.
1151 3953 1193 4005 111
1216 3956 1265 4006 291
1293 3969 1368 4019 sqq,
1393 3968 1410 4002 a

294 4037 481 4090 ValckenarIo
499 4039 581 4089 Lucr.
600 4040 639 4090 IV
658 4041 671 4089 1
691 4054 750 4105 sqq.
770 4043 798 4089 et
815 4039 911 4094 Manil.
930 4039 1009 4090 1149
1028 4054 1095 4105 sqq,
1119 4039 1167 4090 ubi
1190 4038 1272 4090 simul
1296 4037 1409 4102 respici·

294 4129 338 4174 tur
356 4121 525 4174 Callimachi
542 4124 629 4190 epigr.
647 4124 776 4178 XXVIII.
796 4124 833 4174 cf.
850 4125 917 4176 Hor.
937 4141 1019 4177 carm.
1036 4126 1050 4176 I
1068 4127 1092 4187 1,
1105 4127 1138 4175 29
1152 4139 1212 4189 sqq.
1241 4122 1311 4174 addo
1330 4138 1410 4188 prae·

294 4214 338 4259 ter
349 4208 476 4274 Properti
496 4221 604 4258 versum
621 4224 705 4274 supra
724 4210 877 4275 appositum
891 4211 973 4276 Prop.
986 4210 1025 4262 IV
1038 4212 1063 4275 1,
1077 4211 1108 4260 17
1121 4225 1161 4276 sq.
1182 4213 1210 4258 et
1221 4212 1246 4268 3,
1258 4210 1301 4269 26,
1319 4206 1411 4259 Lucil.

293 4294 374 4344 Astu.
392 4295 461 4358 isq.
481 4299 510 4345 st
526 4293 637 4345 Nemea.
659 4309 757 4361 cyneg.
774 4296 861 4359 8sqq.
898 4310 1010 4360 quorum
1028 4295 1074 4346 vix
1091 4293 1164 4344 ullus
1182 4297 1239 4354 est,
1259 4292 1324 4356 quin
1345 4289 1409 4341 Gal-

294 4377 408 4426 limachi
425 4377 503 4427 illum
520 4377 610 4429 locum
630 4380 772 4444 exprimat.
794 4379 830 4429 ct.
850 4382 879 4430 et
895 4379 977 4443 Verg.
997 4377 1081 4430 catal.
1099 4378 1139 4428 XI
1157 4379 1199 4426 64.
