3254 5158
644 443 854 507 „33-

192 628 306 698 poetae
327 618 508 695 Lessingius
531 635 588 675 nos
612 615 715 675 docuit
737 618 770 675 in
792 617 981 676 Laocoonte.
1011 636 1047 674 ac
1068 616 1209 675 mirificus
1231 637 1307 676 sane

194 721 327 778 effectus·
342 721 499 798 spectatae
521 718 635 777 Aconti
657 718 784 776 formae.
826 739 897 777 nam
919 717 1133 797 pulcritudinis
1157 727 1307 777 amatores

192 821 224 879 in
254 820 359 879 ludum
393 821 522 879 itantem
550 838 678 898 puerum
705 817 879 877 mirabundi
908 819 1156 898 contemplantur
1185 821 1307 898 agmine

194 922 326 981 conferti
356 941 392 980 ac
419 921 487 980 loca
515 919 639 999 publica
666 921 795 1000 viasque
822 920 1018 979 multitudine
1048 941 1104 979 sua
1131 922 1307 1000 implentes.

192 1025 333 1082 nimirum
361 1021 431 1081 talis
460 1023 493 1079 in
517 1020 718 1100 exprimenda
748 1021 962 1081 formonsitate
984 1022 1117 1082 humana
1140 1022 1310 1101 superlatio

172 1139 174 1144 '
195 1125 321 1204 propria
342 1125 448 1203 utique
472 1130 520 1182 est
541 1122 618 1196 stili,
643 1123 695 1201 qui
716 1131 827 1200 regnat
848 1124 881 1182 in
903 1124 1047 1183 universo
1063 1123 1123 1183 hoc
1137 1123 1308 1183 fabularum

193 1245 319 1304 genere.
364 1233 456 1304 atque
478 1231 512 1282 ut
534 1223 694 1284 eGraecis
710 1224 919 1305 Romanisque
941 1245 1114 1304 proponam
1136 1223 1308 1284 auctoribus

155 1312 158 1318 ¹
195 1345 274 1406 quae
296 1325 375 1384 forte
399 1323 539 1384 conlecta
560 1323 676 1399 habeo,
707 1325 746 1383 cf.
769 1325 1061 1399 notititiam,
1084 1334 1101 1386 2
1123 1345 1192 1405 sqq.
1216 1335 1258 1399 19,
1283 1337 1307 1387 l.

178 1426 576 1505 ,0111111118111111
602 1434 635 1488 lb
657 1443 726 1505 sqq.
755 1433 793 1498 14,
819 1427 1241 1506 111111.ΙΙ8,9111.ΠΙ2,
1267 1435 1306 1486 ts.

194 1528 241 1587 IV
263 1535 288 1600 7,
318 1534 344 1588 6.
381 1525 707 1604 Xenoph.1⁴lphes.I
738 1537 760 1598 1,
793 1536 818 1588 3.
845 1535 885 1601 12,
915 1537 927 1588 l
952 1545 999 1604 sq.
1028 1527 1063 1584 Π
1084 1534 1109 1598 2,
1138 1533 1164 1587 4.
1201 1527 1306 1586 Nonn.

193 1629 287 1686 Dion.
315 1628 362 1687 IV
386 1633 525 1706 12811111.
554 1627 618 1686 VII
645 1634 787 1705 22611111.
820 1625 853 1685 X
877 1634 1016 1707 11511111.
1047 1623 1142 1686 XLII
1162 1634 1214 1689 459
1238 1647 1306 1707 sqq.

193 1729 272 1788 Mus.
288 1726 327 1786 de
343 1729 418 1786 Her.
442 1739 475 1790 55
497 1747 565 1806 sqq.
591 1725 649 1786 01.
668 1735 740 1785 met.
763 1728 809 1787 IV
831 1737 865 1788 bb
888 1746 934 1805 sq.
957 1727 990 1785 X
1011 1737 1063 1790 815
1085 1747 1153 1806 sqq.
1198 1727 1307 1807 quibus

90 1831 91 1836 ’
195 1829 301 1888 elocis
324 1828 467 1886 nonnulli
488 1829 626 1906 proxime
649 1827 800 1887 accedunt
822 1827 863 1886 ad
877 1827 1126 1887 Aristaeneteum
1141 1828 1226 1888 illum
1240 1831 1307 1890 sive

85 1981 89 1998 ,
195 1928 443 1989 Callimacheum.
487 1929 584 1987 nihilo
614 1929 709 1987 setius
736 1929 923 1988 stomachum
950 1930 1003 1988 ille
1031 1931 1140 2004 movit,
1170 1939 1203 1989 ut
1231 1931 1309 1989 nihil

194 2031 288 2105 aliud,
312 2029 430 2090 Oobcto
445 2049 593 2089 mnemos.
608 2030 659 2088 IX
673 2049 704 2108 p.
720 2039 779 2105 152,
796 2031 849 2109 qui
863 2031 1108 2090 internecionem
1124 2051 1207 2092 nunc
1220 2032 1307 2090 mini·
1324 2019 1327 2024 Δ

192 2140 275 2190 tatur
295 2128 572 2190 Battiadaebello
595 2122 736 2212 dandvdqo
758 2126 809 2187 nal
831 2119 999 2212 ἀκηρύκτῳ.
1024 2139 1056 2189 at
1076 2133 1190 2192 vellem
1212 2132 1307 2192 verbo

193 2232 397 2311 significasset
424 2232 472 2290 vir
498 2231 741 2306 laudatissimus,
778 2231 853 2313 quid
882 2233 1012 2292 sentiret
1042 2232 1081 2292 de
1109 2233 1307 2293 celeberrimo

194 2332 321 2393 exordio
343 2333 540 2411 Apuleianae
563 2331 686 2392 fabulae
710 2332 794 2412 (met.
818 2334 864 2394 IV
885 2332 1021 2412 28111.);
1047 2377 1081 2397 ..
1103 2377 1137 2392 ..
1164 2339 1241 2392 multi
1261 2339 1307 2392 de-

192 2439 275 2509 niqne
296 2438 394 2493 ciuium
416 2442 442 2491 11
462 2437 586 2492 advenae
607 2438 724 2508 copiosi,
751 2452 820 2508 quos
841 2439 937 2492 eximii
961 2439 1112 2509 spectaculi
1132 2455 1228 2494 rumor
1249 2447 1307 2494 stu·

192 2539 270 2592 diosa
284 2536 438 2592 celebritate
451 2537 647 2608 conprepobnt,
663 2539 824 2594 inaccessae
836 2537 1036 2609 formonsitatis
1051 2537 1204 2609 (Psychae)
1220 2541 1307 2594 admi-
1373 2561 1374 2566 ¹

96 2699 102 2707 ,
193 2640 301 2694 ratione
328 2638 431 2708 stupidi
455 2643 481 2692 11
507 2639 682 2694 admoventes
707 2639 800 2693 oribus
826 2641 884 2693 suis
912 2639 1057 2694 dexteram
1082 2641 1207 2710 primore
1229 2641 1309 2711 dipito

192 2743 222 2794 in
251 2745 370 2794 erectum
399 2739 526 2809 pollicem
551 2739 700 2805 residente,
735 2744 765 2792 ut
793 2739 883 2810 ipsum
913 2753 1045 2820 prorsus!
1062 2739 1140 2793 deam
1176 2739 1308 2796 Venerem

193 2841 327 2911 relipiosis
348 2839 553 2894 adorationibus
574 2831 805 2916 (venerabantur)
825 2877 961 2896 .......
981 2841 1035 2893 ium
1058 2839 1135 2894 multi
1154 2840 1308 2894 mortalium

194 2943 281 3011 lcnpis
307 2940 448 2995 itineribus
474 2945 556 3012 abque
582 2941 719 2996 ultissimis
746 2942 834 2995 maris
854 2938 986 2994 meatibus
1008 2939 1152 2996 adsecuti
1170 2943 1308 3011 specimen

192 3043 342 3114 pluviosam
375 3039 555 3112 confluebant.
603 3040 722 3113 Papbon
750 3055 842 3108 nemo,
876 3040 978 3097 Gnidon
1010 3055 1089 3096 nemo
1116 3057 1151 3096 uc
1183 3057 1218 3096 ne
1246 3043 1308 3112 ipsa

193 3144 302 3215 quidem
318 3142 436 3216 Optbera
458 3142 497 3196 ad
516 3147 693 3212 conspectum
715 3143 783 3197 deae
804 3141 919 3197 Veneris
938 3142 1114 3212 nauipobant.
1141 3156 1226 3196 sacru
1248 3143 1310 3196 diae

191 3251 421 3315 praetereuntur,
456 3243 559 3313 templu
588 3241 796 3314 deformantur,
821 3244 983 3314 puluinaria
1009 3246 1208 3313 proteruntur,
1238 3245 1309 3298 ceri·

193 3346 303 3399 maniae
334 3345 521 3416 neplepuntur,
554 3344 716 3398 incoronata
749 3344 900 3400 simulacra
927 3347 955 3398 et
982 3357 1052 3398 arae
1079 3344 1177 3400 uiduae
1206 3342 1310 3416 fripidc

195 3448 288 3502 cincre
313 3444 453 3516 foedatae.
496 3445 606 3516 puellae
638 3444 810 3516 supplicatur
838 3449 866 3499 et
892 3445 920 3500 in
947 3433 1071 3500 burnonis
1097 3445 1215 3500 uultibus
1242 3447 1311 3500 deae
1339 3515 1340 3520 η

196 3551 295 3601 tantae
321 3547 433 3601 1111111
459 3547 615 3617 placantur
636 3547 710 3599 etin
737 3547 870 3601 matutino
895 3559 1048 3616 propressu
1070 3547 1181 3617 cirpinis
1202 3548 1311 3602 uictimis

195 3654 223 3703 et
242 3646 330 3719 epulis
357 3645 471 3702 Veneris
497 3646 620 3701 absentis
646 3660 747 3700 111111
769 3648 954 3718 propitiatur.
993 3648 1102 3718 iamque
1118 3661 1174 3717 per
1198 3648 1311 3718 pluteus
1373 3650 1376 3655 “

196 3753 392 3804 commeantem
420 3747 521 3820 populi
554 3744 717 3820 frequentes
748 3746 864 3818 floribus
896 3749 981 3802 sertis
1015 3753 1041 3801 et
1072 3748 1169 3802 solutis
1208 3749 1310 3818 adpre-

195 3855 308 3906 eantur.

281 3949 341 4016 Ille
363 3966 437 4007 vcro
460 3949 528 4027 ipse
551 3947 745 4008 Aristaencti
771 3947 857 4006 locus
887 3945 1097 4006 inlustrandos
1121 3953 1167 4005 est
1190 3945 1309 4006 Gallim.

198 4051 371 4129 fragmento
396 4058 460 4124 169,
492 4047 575 4131 quod
605 4050 646 4109 ud
669 4048 846 4130 Cydippam
874 4048 1030 4129 pertinere
1054 4056 1085 4107 et
1106 4047 1310 4107 Ruhnkenius

195 4290 278 4352 pedes
294 4288 407 4353 profert,
426 4283 454 4335 id
472 4284 552 4335 nihili
571 4290 621 4336 est.
651 4285 687 4338 cl.
707 4285 782 4338 anth.
800 4285 825 4336 V
836 4287 879 4349 48,
891 4287 915 4336 4.
928 4287 969 4348 60,
984 4287 1007 4335 1.
1021 4286 1064 4347 94,
1076 4285 1101 4334 2.
1125 4281 1213 4334 Nonn.
1226 4279 1308 4328 Dion.

197 4371 250 4422 VH
268 4374 327 4436 237,
346 4372 370 4420 Χ
391 4373 447 4421 190.
466 4369 594 4420 Philostr.
614 4386 656 4435 ep.
675 4369 792 4420 XXXVI
810 4371 895 4434 Kays.
915 4369 993 4420 alios.

234 4472 371 4518 01111111,
391 4471 504 4505 entatu.
692 4517 697 4525 Ι
1088 4451 1108 4512 3
