3284 5158
666 389 897 452 -153a

297 573 345 624 ter
366 563 440 622 mihi
462 564 523 622 iam
545 563 677 622 veniens
700 563 817 642 positas
839 562 1040 641 Hymenaeus
1064 562 1104 621 ad
1127 582 1195 621 eras

340 666 472 744 fugitet
495 685 512 724 e
533 665 660 724 thalami
683 664 788 723 limine
810 672 899 741 terga
923 663 1023 736 dedit,

297 768 413 848 vixque
435 787 528 826 manu
550 767 639 846 pigra
661 767 775 826 totiens
799 766 928 826 confusa
949 767 1076 826 resumit

229 879 279 932 160
342 868 472 942 lumina,
495 869 549 928 vix
569 876 651 928 moto
674 869 801 947 corripit
821 868 896 946 igne
919 868 1013 928 faces.

297 991 392 1050 saepe
416 970 570 1031 coronatis
592 970 711 1029 stillant
732 977 892 1047 unguenta
915 969 1035 1049 capillis

341 1081 372 1132 et
392 1072 523 1131 trahitur
544 1072 638 1132 multo
662 1070 830 1150 splendida
852 1071 937 1150 palla
959 1090 1057 1129 croco.

297 1194 364 1232 cum
385 1174 488 1252 tetigit
508 1173 618 1246 limen,
642 1173 781 1234 lacrimas
804 1173 971 1252 mortisque
993 1173 1132 1232 timorem

340 1275 440 1334 cernit
462 1284 493 1333 et
515 1295 534 1333 a
556 1276 638 1334 cultu
660 1274 754 1334 multa
775 1282 893 1334 remota
915 1293 987 1333 suo:

228 1385 277 1440 106
300 1376 412 1456 proicit
433 1377 502 1455 ipse
525 1395 581 1436 sua
603 1366 751 1436 deductas
774 1376 876 1435 fronte
899 1395 1029 1435 coronas

243 1479 244 1482 ’
338 1479 501 1558 spissaque
525 1476 564 1536 de
587 1477 693 1537 nitidis
716 1479 809 1555 tergit
831 1497 949 1536 amoma
971 1479 1073 1552 comiS,
1102 1493 1129 1546 J

298 1588 329 1639 et
350 1579 448 1659 pudet
470 1581 502 1638 in
524 1581 604 1648 tristi
626 1581 740 1659 laetum
762 1596 947 1656 consurgere
969 1577 1066 1652 turba,

340 1683 454 1762 quique
478 1691 544 1742 erat
565 1684 598 1741 in
620 1681 721 1761 palla,
746 1681 856 1739 transit
877 1681 910 1757 in
934 1701 987 1739 ora
1008 1680 1109 1740 rubor.

298 1792 329 1840 et
351 1783 425 1842 mihi
447 1803 505 1842 vae
527 1785 657 1844 miserae
679 1789 834 1842 torrentur
856 1780 991 1842 febribus
1015 1791 1098 1842 artus

229 1891 281 1946 170
346 1893 377 1942 et
400 1885 523 1962 gravius
545 1886 624 1944 iusto
648 1885 744 1964 pallia
766 1883 888 1963 pondus
911 1883 1041 1958 habent,

297 1993 466 2066 nostraque
488 1986 649 2065 plorantes
671 1985 763 2045 video
787 2005 881 2065 super
904 1974 957 2046 ora
979 1995 1140 2065 parentes,

339 2095 371 2146 et
393 2087 462 2146 sace
483 2107 539 2167 pro
562 2088 688 2147 thalami
710 2088 764 2146 fax
785 2088 860 2147 mihi
880 2088 983 2146 mortis
1007 2087 1106 2147 adest.

298 2207 391 2267 parce
414 2188 583 2262 laboranti,
607 2191 692 2268 picta
715 2189 774 2248 dea
796 2191 879 2249 laeta
901 2189 1062 2268 pharetra,

340 2288 441 2370 daque
463 2290 653 2350 salutiferam
674 2292 735 2350 iam
757 2291 831 2350 mihi
853 2290 955 2350 fratris
980 2311 1080 2371 opem.

229 2399 276 2454 175
298 2400 388 2470 turpe
410 2390 510 2466 tibist,
534 2392 620 2452 illum
642 2413 749 2452 causas
773 2392 932 2470 depellere
955 2393 1026 2466 leti,

339 2500 369 2551 te
390 2501 497 2553 contra
517 2494 639 2554 titulum
660 2494 765 2553 mortis
788 2492 903 2552 habere
926 2513 1023 2552 meae.

259 2578 261 2582 ¹
296 2594 461 2674 numquid,
484 2597 518 2654 in
539 2594 681 2655 umbroso
706 2591 772 2652 eum
795 2594 891 2652 velles
915 2594 1002 2653 fonte
1026 2596 1141 2669 lavari,

338 2696 510 2776 inprudens
535 2698 633 2756 vultus
657 2695 697 2754 ad
719 2705 773 2754 tua
794 2693 880 2754 labra
902 2695 981 2754 tuli?

295 2798 484 2878 praeteriine
507 2807 575 2858 tues
600 2797 639 2857 de
661 2806 707 2857 tot
730 2796 913 2857 coelestibus
937 2797 1028 2856 aras?

230 2908 279 2962 160
345 2920 426 2980 aque
448 2909 531 2960 tuest
553 2908 658 2960 nostra
681 2909 786 2979 spreta
809 2905 940 2979 parente
963 2899 1101 2976 parens?

296 3002 342 3061 nil
365 3022 422 3080 ego
446 3003 591 3081 peccavi,
616 3003 676 3061 nisi
699 2995 943 3082 quod'periuria
964 3000 1027 3078 legi

338 3104 434 3183 inque
457 3103 688 3183 parum'fausto
711 3104 846 3163 carmine
870 3101 961 3160 docta
983 3103 1036 3162 fui.

296 3212 330 3265 tu
354 3225 478 3286 quoque
501 3225 557 3284 pro
581 3203 687 3278 nobis,
712 3206 738 3264 si
760 3225 824 3263 non
846 3203 985 3263 mentiris
1008 3223 1156 3277 amorem,

227 3331 255 3339 ..,
267 3333 271 3336 .

293 3421 319 3457 1.
338 3406 387 3459 167
404 3409 534 3458 adseres
550 3407 574 3456 L
586 3422 617 3467 1,
640 3405 769 3456 nimirum
792 3421 826 3456 ex
845 3421 887 3472 ep.
906 3405 960 3456 XII
978 3406 1041 3468 137,
1066 3407 1102 3456 ad
1122 3421 1185 3455 11111
1207 3404 1346 3456 Slichten·

225 3489 355 3543 horstius.
374 3517 407 3526 --
425 3509 452 3546 v.
471 3493 520 3542 169
538 3507 624 3542 manus
642 3507 668 3542 v.
703 3492 790 3555 infusa
806 3498 943 3556 resurpunt
959 3491 982 3540 L
996 3506 1026 3553 v,
1046 3492 1121 3542 toties
1141 3492 1346 3543 1166111611-

224 3581 290 3639 9unt
306 3575 351 3625 vel
369 3577 452 3626 taedis
469 3591 580 3626 excussa
597 3583 734 3641 resurgunt
750 3577 897 3640 Heinsius,
919 3579 1025 3626 incensa
1041 3577 1147 3626 resumit
1162 3574 1345 3641 Burmannus,

227 3661 302 3710 toties
318 3661 401 3710 inlusa
417 3661 555 3714 resarciti.
568 3659 614 3710 Fr.
628 3660 835 3725 Heusingerus,
855 3661 901 3724 qui
918 3661 1039 3710 debebat
1057 3663 1133 3711 certe
1152 3662 1229 3711 161161
1241 3664 1311 3712 elusa
1322 3677 1346 3712 r.

226 3743 326 3808 scripsi
338 3746 431 3795 totiens
450 3741 502 3808 (sic
514 3745 537 3794 L
550 3743 579 3810 v)
598 3744 708 3807 confusa
725 3745 836 3794 resumit.
860 3744 950 3794 minus
967 3743 1100 3815 placebat
1118 3746 1210 3795 totiens
1223 3745 1346 3809 infausta,

227 3827 263 3876 ct.
278 3843 320 3893 ep.
339 3827 430 3891 v146.
442 3855 475 3864 -—
493 3845 520 3882 v.
540 3829 650 3879 1601111
667 3834 748 3878 molus
764 3829 875 3877 concutit
891 3828 1072 3879 Burmannus.
1091 3855 1125 3864 -
1141 3844 1168 3880 1.
1188 3829 1238 3879 164
1255 3835 1347 3879 cuncta

226 3913 323 3962 remeia
338 3912 484 3967 Francius.
502 3938 537 3962 ι-
554 3901 720 3966 11651166
737 3914 848 3963 deducta
864 3912 931 3976 Lv,
955 3928 1002 3962 sua
1020 3914 1143 3963 deductas
1160 3914 1298 3964 Francius
1317 3918 1345 3965 et

227 3995 349 4061 Cuperus
368 3996 387 4046 l.
401 4013 426 4048 c.
445 3998 472 4048 Π
489 4016 515 4064 p.
530 3999 589 4050 704.
600 4024 635 4035 —-
652 4013 678 4048 1.
699 3999 747 4048 166
765 3999 887 4048 ammom
904 4013 930 4047 v.
943 4021 978 4035 ·-·
994 4013 1020 4048 1.
1041 3999 1089 4049 167
1102 4011 1142 4062 sq.
1163 4002 1227 4048 aute
1249 4013 1275 4048 1.
1295 3999 1345 4049 166

225 4083 407 4147 transponere
431 4080 552 4134 volebat·
566 4082 732 4148 Meynckiua
755 4083 869 4132 amicus.
890 4108 926 4120 -
946 4098 973 4135 v.
993 4084 1041 4134 169
1064 4084 1173 4136 611111.
1194 4106 1230 4120 --
1250 4097 1277 4134 1.
1297 4083 1345 4132 171

225 4166 314 4217 uideor
331 4181 357 4219 v.
376 4191 409 4202 -
426 4179 452 4218 1.
472 4167 587 4218 1741611
605 4167 651 4218 tibi
666 4183 693 4217 v.
714 4195 745 4204 -
763 4182 790 4218 v.
809 4168 858 4218 177
876 4168 990 4233 nunquid
1005 4167 1068 4218 Lv.
1088 4194 1120 4204 -
1137 4181 1164 4218 1.
1184 4167 1233 4217 178
1251 4167 1344 4230 impru-

226 4249 289 4310 dens
306 4251 330 4300 L
342 4266 369 4302 v.
388 4275 421 4286 -
438 4264 465 4302 v.
485 4251 534 4301 179
553 4253 711 4315 praeteriise
729 4269 754 4304 v.
777 4279 811 4290 -
828 4268 854 4306 1.
874 4255 923 4304 180
941 4260 1018 4318 atque
1036 4257 1080 4302 tua
1096 4251 1134 4315 L,
1153 4256 1229 4315 atque
1246 4263 1301 4300 mea
1318 4263 1345 4311 1,

225 4349 291 4401 aque
310 4334 396 4386 editio
414 4334 587 4386 Bersmanni.
606 4361 638 4370 -
657 4351 683 4386 1.
703 4338 751 4387 182
769 4339 867 4403 tamque
884 4353 911 4387 v.
