3284 5158
750 429 983 498 4130-

308 605 430 684 πραεῖαἱ
460 597 496 664 οδ
519 600 552 664 σέ
572 597 647 683 γάρ,
667 595 743 664 άλλά
767 593 821 664 τόν
841 597 932 664 δόντα
953 606 1005 683 τῆς
1029 601 1180 683 ἐπιορκίας
1200 597 1255 682 τὴν
1277 600 1430 686 πρόφασιν

309 702 477 766 κολαστέον.
507 697 683 784 μαθήσομαι
701 698 796 783 μόνον
817 703 856 778 ιδς
873 703 1017 784 μεμέληκέ
1038 723 1085 766 σοι
1100 708 1160 766 τῶν
1180 703 1360 786 γραμμάτων
1378 705 1429 766 καλ

310 809 363 867 τοῦ
379 809 439 866 σοῦ-
448 809 615 888 πρηστῆρος
635 798 691 885 τὴν
712 801 786 886 έμην
801 799 903 885 ψυχὴν
922 799 1117 868 ἀπαλλάττων
1132 795 1185 886 οόχ
1202 796 1290 885 ἦττον
1307 808 1429 886 αἵματος

312 898 466 987 άφειδήσω
480 911 532 968 τοῦ
545 902 687 988 ἡμετέρου
702 900 777 988 ἥπερ
791 901 899 981 λίδατος
913 908 978 986 εἰκῆ
991 906 1138 987 χεομένου.
1167 901 1246 986 άλλ’,
1264 899 1287 969 ὦ
1304 909 1429 988 φίλτατα

280 1017 296 1068 5
312 1008 435 1087 δένδρα,
454 1012 514 1069 τῶν
536 1002 708 1090 ἡδνφιόνων
722 1003 856 1090 ὀρνίθων
873 1009 904 1071 ολ
914 1012 1028 1087 θῶκοι,
1049 995 1109 1090 δρα
1123 1003 1182 1070 κάν
1196 1004 1268 1088 ὑμῖν
1285 1009 1364 1072 ἔστιν
1379 997 1429 1071 οὗ·

311 1134 359 1184 τος
373 1098 389 1171 ό
406 1109 494 1190 έρως,
518 1109 569 1171 καλ
582 1111 684 1183 πίτυος
697 1108 786 1190 τυχὸν
804 1105 926 1191 ἠράσθη
950 1103 1126 1190 κυπάριττος
1140 1103 1161 1188 ἢ
1174 1105 1246 1171 άλλο
1261 1105 1357 1189 φυτόν
1369 1110 1426 1198 Ιέπέ-

312 1233 366 1288 ρου
378 1215 490 1289 φυτοῦ;
502 1203 543 1289 μά
552 1211 620 1286 Δία,
633 1204 689 1273 οόκ
701 1205 795 1290 οἶμαι·
813 1204 849 1273 οδ
861 1202 919 1292 γάρ
929 1202 968 1272 llo
980 1210 1202 1291 έφνλλορροεῖτε
1213 1210 1263 1272 καί
1274 1206 1343 1286 τοὺς
1357 1208 1428 1272 κλά-

312 1315 382 1386 δους
398 1307 498 1386 άπλάς
513 1307 637 1386 δπόθος
649 1307 740 1392 κόμης
754 1309 832 1391 ὑμᾶς
849 1312 898 1374 καλ
913 1303 1038 1391 άγλαίας
1054 1311 1174 1391 έψίλου,
1190 1306 1266 1375 άλλά
1282 1312 1331 1374 καὶ
1347 1314 1429 1394 μέχρι

311 1413 459 1493 στελέχους
481 1437 510 1475 τε
531 1413 582 1476 καὶ
603 1414 692 1495 ῥιζῶν
707 1410 913 1493 δπονοστήσας
933 1417 975 1500 τῷ
995 1419 1101 1496 πυρσῷ
1119 1415 1279 1477 διικνεῖτο.’
1308 1405 1429 1477 τοιαῦτα

260 1525 294 1577 10
308 1513 362 1595 μέν
377 1507 557 1598 [Ἀκόντιος]
578 1509 611 1577 τό
631 1517 752 1578 παιδίον
771 1514 913 1597 διελέγετο
927 1509 1001 1598 πρὸς
1022 1519 1064 1600 τῷ
1084 1509 1194 1596 σάματι
1215 1513 1430 1599 μαραινόμενος

310 1641 361 1679 και
378 1641 431 1678 τον
444 1641 525 1679 νουν.

397 1723 440 1804 Τῇ
458 1717 489 1780 δέ
508 1721 653 1804 Κυδίππη
674 1716 748 1800 πρὸς
769 1717 867 1800 ἕτερον
887 1711 1070 1800 ηδιρεπίζετο
1091 1715 1197 1801 γάμος·
1224 1719 1275 1781 καλ
1300 1712 1358 1799 πρὸ
1379 1723 1430 1798 τῆς

308 1812 459 1894 παστάδος
483 1813 534 1882 τόν
557 1812 701 1900 ὑμέναιον
726 1808 801 1904 ᾖδον
822 1822 857 1882 αλ
877 1816 1091 1903 μουσικώτεροι
1110 1826 1170 1883 τῶν
1191 1819 1354 1903 παρθένων
1379 1820 1430 1882 καὶ

308 1924 471 2002 μελίφωνοι
492 1926 578 1984 τοῦτο
594 1915 631 2002 δὴ
644 1927 791 2001 Σαπφοῦς
807 1917 839 1983 τὸ
853 1917 974 2001 ἥδιστον
988 1923 1120 2004 φθέγμα.
1150 1915 1216 1984 ἀλλ’
1227 1979 1229 1982 .
1241 1918 1329 2002 άφνα
1347 1918 1428 1984 νενό-

262 2031 294 2084 15
310 2016 434 2105 σηκενὴ
450 2031 534 2102 παῖς,
559 2023 609 2086 καὶ
630 2017 703 2106 πρός
718 2018 852 2105 έκφορολν
873 2017 939 2085 άντλ
955 2027 1171 2106 νυμφαγωγίας
1187 2026 1218 2086 οἱ
1230 2022 1361 2100 τεκόντες
1377 2021 1429 2087 έά-

311 2151 381 2206 ρων.
412 2121 473 2188 εἶτα
482 2121 663 2206 παραδόξως
677 2117 838 2204 άνὲσφηλε,
862 2123 912 2187 καί
929 2121 1065 2209 δεύτερον
1080 2120 1096 2191 δ
1113 2123 1250 2207 θάλαμος
1264 2124 1428 2206 ἐκοσμεῖτο·

310 2227 361 2290 καὶ
378 2223 474 2310 ὥσπερ
493 2221 554 2289 άπὸ
575 2222 766 2307 συνθήματος
781 2231 832 2304 της
851 2223 946 2307 Τύχης
967 2215 1058 2302 αὖθις
1074 2220 1176 2290 ε’νόσει.
1209 2230 1307 2309 τρίτον
1322 2221 1429 2308 ὁμοίως

309 2323 402 2392 ταάτδ
417 2329 585 2411 συμβέβηκε
599 2333 635 2411 τῇ
648 2329 741 2391 παιδί.
767 2320 782 2388 ὁ
800 2325 832 2389 δὲ
846 2322 945 2410 πατὴρ
956 2325 1096 2410 τετάρτην
1110 2322 1166 2392 οὐκ
1180 2325 1313 2409 άνέμεινε
1326 2325 1429 2392 νόσον·

310 2423 378 2495 ἄλλ’
398 2429 526 2494 έπάθετο
550 2438 604 2491 τοῦ
626 2432 766 2508 Πυθίου,
792 2431 836 2503 τίς
858 2425 916 2513 άρα
936 2436 1018 2492 θεῶν
1039 2425 1091 2493 τόν
1110 2427 1207 2514 γάμον
1228 2431 1374 2510 ἐμποδίζει
1393 2436 1431 2514 τῇ

260 2541 295 2594 20
310 2530 395 2619 κόρη.
425 2527 441 2594 ὁ
459 2531 490 2594 δέ
504 2525 659 2595 Ἀπόλλων
675 2527 773 2593 πάντα
790 2536 893 2610 σαφῶς
912 2529 963 2595 τὸν
982 2533 1095 2615 πατέρα
1116 2528 1263 2613 διδάσκει,
1283 2529 1334 2596 τόν
1352 2533 1431 2611 νέον,

379 2858 404 2892 v.
417 2844 434 2891 2
451 2835 612 2907 μεμέληκας
626 2840 722 2906 codex,
740 2835 883 2906 μεμέληκέ
895 2853 940 2891 σοι
954 2839 1074 2891 Cobetus
1087 2839 1105 2890 l.
1120 2856 1143 2890 ο.
1157 2857 1183 2906 p.
1198 2842 1255 2892 153.
1269 2869 1300 2878 -
1318 2857 1344 2891 v.
1358 2844 1373 2892 3
1391 2841 1429 2892 cf.

310 2943 381 2991 quae
403 2926 543 2991 disputavi
566 2943 592 2991 p.
612 2928 653 2977 87.
689 2915 890 2976 άνταλλάττωυ
912 2924 1065 2976 Dorvillius
1090 2926 1150 2975 crit.
1169 2942 1250 2976 vann.
1271 2943 1296 2990 p.
1315 2927 1373 2978 606,
1395 2949 1430 2960 -

309 3014 371 3064 v.4
394 3009 475 3074 εἴπερ
494 3012 594 3075 codex,
623 3000 698 3076 ἥπερ
720 3010 870 3060 Mercerus.
894 3035 928 3046 —
950 3027 975 3059 v.
995 3011 1010 3059 5
1033 2997 1089 3059 κάν
1108 3002 1139 3060 έν
1156 3003 1226 3075 ὑμῖν
1245 3011 1346 3070 codex,
1374 2996 1429 3060 κάν

308 3087 379 3162 ὑμῖν
396 3095 442 3147 vel
464 3091 518 3146 καλ
538 3088 569 3147 έν
592 3086 662 3160 ὑμῖν
684 3095 822 3146 Pauwius.
841 3121 875 3130 -
897 3111 923 3146 v.
944 3097 958 3144 7
982 3085 1017 3144 orl
1039 3086 1094 3160 γάρ
1118 3086 1319 3162 έφυλλοροεῑτε
1342 3095 1429 3145 codex

310 3181 398 3232 altero
417 3198 433 3244 ρ
452 3181 487 3231 ab
512 3181 609 3231 eodem
632 3196 716 3230 manu
733 3191 816 3246 supro
834 3180 953 3245 scripto,
976 3169 1011 3229 οό
1029 3173 1083 3244 γάρ
1103 3171 1319 3244 έφυλλορροεῑτε
1337 3175 1429 3245 μόνον
1494 3205 1502 3220 ι

309 3266 362 3318 καί
378 3266 509 3316 Reiskius
521 3265 539 3320 l.
555 3282 578 3316 o.
609 3256 647 3315 άν
665 3266 781 3316 inseruit
800 3263 967 3315 Hercherus.
988 3291 1019 3303 -
1041 3281 1067 3317 v.
1085 3266 1101 3315 8
1119 3256 1208 3330 κόμης
1227 3255 1300 3330 ὁμοῦ
1317 3263 1429 3316 Bastius

309 3351 517 3402 Boissonadius.
548 3349 649 3400 falsum
668 3356 760 3400 autem
779 3354 821 3400 est
839 3349 910 3414 quod
925 3348 1125 3399 Boissonadius
1143 3350 1239 3399 Bastio
1258 3355 1371 3400 auctore
1389 3349 1429 3398 di·

311 3437 363 3498 cit,
388 3436 512 3485 codicem
535 3436 570 3486 ab
589 3434 679 3484 altera
697 3449 781 3484 manu
799 3425 872 3500 ὁμοῦ
889 3435 1002 3485 habere.
1032 3433 1103 3482 nihil
1121 3435 1194 3484 enim
1213 3439 1352 3500 comparet
1370 3450 1429 3485 cor·

308 3520 452 3570 rectionis.
493 3510 508 3568 ὁ
527 3511 622 3579 πόθος
642 3511 727 3570 lello
745 3519 889 3569 Iacobsius
906 3517 1008 3568 Achill.
1026 3518 1088 3568 Tat.
1107 3534 1133 3584 p.
1152 3520 1201 3569 481
1221 3520 1255 3569 αδ
1273 3537 1302 3584 p.
1320 3522 1367 3583 23,
1388 3521 1428 3580 15,

309 3605 338 3654 in
361 3604 459 3668 quibus
482 3594 572 3669 κόμης
595 3609 660 3654 ante
680 3595 766 3654 έσάλα
785 3619 852 3654 casu
871 3605 998 3654 omissum
1018 3608 1068 3652 est.
1104 3603 1223 3654 fortasse
1241 3594 1316 3669 δμοῖς
1335 3603 1427 3654 delen-

310 3690 381 3740 dum.
400 3715 432 3724 -
451 3704 476 3739 v.
496 3689 642 3751 9fortosse
660 3680 859 3755 δπονομεάσας
878 3686 916 3752 τῷ
933 3686 1030 3752 πυρσῷ
1048 3688 1192 3738 Iacobsius
1210 3689 1228 3739 l.
1249 3705 1272 3738 c.
1297 3716 1328 3724 —
1351 3705 1377 3739 v.
1397 3690 1429 3738 10

307 3765 444 3831 Ἀκόντιος
469 3774 543 3824 delet
567 3772 688 3824 Cobetus
706 3774 724 3823 l.
746 3791 768 3825 ο.
804 3789 886 3839 supra
911 3764 982 3835 πρός
1007 3789 1023 3821 a
1047 3774 1169 3823 secunda
1191 3788 1275 3823 manu
1297 3773 1428 3838 scriptum

310 3853 372 3911 σάν.
395 3885 429 3893 -
452 3874 477 3909 v.
498 3860 530 3907 14
547 3858 747 3926 μειλιχίφωνοι
767 3859 867 3921 codex,
892 3851 1097 3923 μειλιχόφωνοι
1115 3858 1269 3922 Mercerus,
1293 3850 1428 3924 μειλιχιό·

310 3959 402 4007 φωνοι
420 3943 587 3994 Abreschius
605 3945 723 3994 virorum
743 3943 850 4008 aliquot
863 3947 917 3993 etc.
937 3959 963 4007 p.
978 3945 1019 4005 11,
1037 3939 1196 4006 μελίφωνοι
1210 3941 1428 3992 IocobsiusPhi·

309 4027 387 4081 lostr.
409 4029 511 4094 imogg.
537 4046 562 4094 p.
587 4031 636 4081 407
662 4030 697 4080 ad
720 4047 745 4094 p.
771 4016 816 4092 5'4,
845 4031 860 4078 9
885 4044 900 4077 e
921 4013 1100 4077 Philostrato.
1140 4031 1288 4092 praeterea
1316 4017 1347 4076 τό
1369 4016 1428 4090 vido)

308 4105 504 4179 πρόσφθεγμα
521 4114 593 4164 idem
607 4131 622 4164 e
634 4114 813 4164 Philostrato.
837 4106 1032 4176 πρόσφθεγμα
1046 4115 1074 4160 et
1085 4111 1293 4162 Boissonadius.
1317 4127 1343 4161 v.
1357 4125 1428 4174 quae

308 4191 449 4264 disputavi
467 4215 492 4264 p.
511 4199 544 4249 89
557 4215 597 4263 sq.
622 4226 653 4234 —
677 4215 702 4249 v.
724 4199 755 4247 16
779 4188 917 4262 ένέσφηλε
936 4196 1034 4260 codex,
1064 4185 1209 4262 άνέσφηλε
1225 4197 1376 4246 Mercerus.
1396 4221 1428 4230 —

308 4300 334 4334 v.
349 4286 379 4334 17
398 4282 448 4350 τῆς
464 4282 560 4348 ψυχῆς
579 4283 675 4345 codex,
693 4280 743 4347 τῆς
761 4274 848 4346 τύχης
865 4283 1018 4346 Mercerus‚
1037 4278 1088 4346 τῆς
1102 4273 1199 4347 Τάγης
1216 4279 1426 4330 Hereherus.-

308 4383 334 4417 v.
354 4371 386 4418 18
403 4366 494 4418 ταῦτα
513 4367 612 4432 codex,
632 4367 730 4432 scripsi
749 4357 850 4418 ταάτά.
