3284 5158
660 421 888 486 -105-

217 594 402 666 iudicantur,
426 591 482 654 sed
506 593 544 652 ab
568 596 612 654 616
636 615 715 675 quae
738 596 883 656 sciuntur.
922 599 1024 677 qualia
1047 601 1187 672 siminus
1209 610 1334 680 praesto

218 706 306 771 sunt,
337 697 439 777 potius
468 697 647 776 opinionem
677 697 778 756 animo
802 709 1031 778 praesumptam
1059 722 1149 781 quam
1177 703 1333 762 testimoni

217 799 428 859 auctoritatem
456 797 631 858 abiciamus.
675 799 780 879 itaque
810 819 828 857 a
860 801 976 861 scholio
1000 802 1173 881 Sophocleo
1203 806 1334 884 profecti

217 921 284 960 eam
306 901 367 960 iam
388 901 570 980 suscipimus
594 893 822 980 quaestionem,
847 921 927 982 quae
950 911 997 962 est
1020 903 1059 963 66
1082 906 1185 964 66116
1210 905 1333 966 fabulae

215 1010 340 1062 nostrae
362 1001 554 1080 indagando.
1161 1067 1163 1070 .
1313 1007 1316 1013 ’

299 1103 392 1163 Aetia
406 1101 572 1163 Battiadae
596 1123 671 1183 opus
694 1105 787 1182 longe
810 1104 1041 1166 celeberrimum
1063 1107 1219 1189 quodnam
1235 1123 1332 1187 genus

215 1214 395 1284 argumenta
416 1205 609 1264 inlustrarint
625 1226 747 1286 quaque
762 1207 895 1280 ratione,
919 1210 997 1268 varii
1013 1217 1185 1269 statuerunt
1198 1213 1293 1271 varia.
1303 1207 1330 1288 ¹)

216 1307 305 1368 nobis
326 1307 384 1367 hao
411 1308 444 1367 in
468 1326 575 1366 caussa
604 1327 753 1387 perquam
781 1307 911 1383 lubrica,
946 1309 978 1368 in
1008 1325 1069 1390 qua
1101 1313 1249 1390 perfacile
1284 1323 1331 1373 est

215 1410 406 1469 coniecturas
429 1408 577 1482 fundere,
608 1411 748 1470 coniecta
769 1411 861 1470 firmis
885 1410 1018 1490 probare
1041 1415 1226 1489 argumentis
1251 1413 1328 1473 diffi-

214 1512 282 1586 cile,
306 1519 403 1571 tutum
417 1513 508 1573 unice
522 1511 679 1586 habemus,
703 1520 819 1572 acerto
837 1510 928 1571 ordiri
944 1513 1128 1592 Properti
1143 1515 1327 1589 testimonio,

214 1614 266 1693 qui
290 1615 433 1672 Romanas
456 1616 640 1672 Callimachus
667 1615 814 1674 extitimus
843 1611 941 1691 (Vl,
971 1610 1020 1686 64)
1047 1616 1122 1674 talia
1150 1617 1329 1695 pronuntiat

215 1713 303 1794 (ibid.
325 1711 403 1794 69);4

269 1868 378 1908 sacra
400 1853 533 1926 diesque
554 1871 654 1910 canam
677 1859 705 1910 et
727 1856 935 1926 capnomiaa
952 1857 1081 1927 prisca
1104 1857 1270 1913 locorum.

214 2005 266 2046 eas
288 1987 381 2064 igitur
402 1989 546 2047 materias
570 1986 705 2050 Graecus
729 2007 852 2067 quoque
880 1996 974 2067 poeta
1001 1989 1144 2048 tractavit
1165 1989 1198 2048 in
1222 1991 1329 2068 elegiis

214 2088 421 2166 aetiologicis,
452 2109 578 2168 quarum
600 2108 806 2168 unaquaeque
828 2087 986 2168 peculiare
1011 2090 1245 2171 absolutumque
1273 2092 1330 2150 fuit

178 2181 182 2188 ’
213 2184 380 2266 66116661)
426 2191 577 2249 namhoc
600 2209 723 2270 quoque
748 2190 858 2250 docere
873 2191 997 2250 videtur
1017 2194 1179 2272 explorata
1199 2193 1328 2252 imitatio

212 2291 366 2370 Properti,
391 2293 474 2351 cuius
496 2290 556 2350 huc
577 2292 694 2350 faciunt
716 2290 786 2350 libri
808 2293 838 2353 V
861 2294 996 2353 carmina
1016 2300 1042 2368 4,
1066 2303 1091 2368 9,
1117 2304 1158 2356 10.
1204 2301 1235 2353 61
1258 2315 1329 2354 666-

211 2390 336 2452 firmabo
359 2395 546 2452 sententiam
573 2413 671 2452 meam
700 2415 762 2453 uno
792 2395 944 2474 exemplo.
988 2396 1018 2456 V
1039 2403 1055 2458 9
1078 2415 1150 2454 arae
1177 2397 1329 2455 maximae
1358 2390 1361 2395 ’

214 2493 361 2555 Curensis
375 2497 638 2556 consecrationem
646 2496 781 2576 explicat
788 2495 992 2576 Herculisque
1000 2495 1039 2554 66
1050 2495 1135 2554 111616
1147 2497 1329 2575 religionem

215 2653 410 2666 υ--ιι-

280 2745 301 2811 1)
325 2746 368 2798 Cf.
386 2747 477 2800 Naeki
494 2748 564 2799 Hec.
587 2765 613 2814 p.
633 2750 665 2798 66
684 2762 724 2812 sq.
750 2752 778 2798 et
802 2746 938 2797 66666661
960 2762 1031 2797 6666
1053 2747 1165 2816 placitis
1188 2748 1329 2798 doctorum

211 2833 331 2884 virorum
350 2833 390 2882 ibi
408 2833 531 2883 recensis
551 2849 584 2883 ea
596 2832 762 2898 Hertabergi
775 2836 893 2898 quaesti.
906 2832 988 2897 Prop.
1001 2848 1027 2896 p.
1043 2833 1091 2882 195
1104 2847 1161 2897 sqq.
1182 2837 1210 2882 ot
1222 2833 1329 2885 Ztscbr.

212 2918 233 2969 f.
251 2919 283 2969 A.
304 2918 369 2968 1847
387 2933 413 2970 6.
432 2919 463 2968 17
483 2919 563 2980 6118,
583 2916 971 2981 (1.66166166666666666
990 2917 1018 2965 in
1035 2915 1140 2966 libellis
1158 2917 1270 2980 saepius
1288 2917 1330 2967 in-

212 3003 314 3053 6166116
333 3017 400 3068 quos
419 3002 453 3052 66
472 3002 556 3052 661116
574 3004 807 3068 conscripserunt,
828 3002 943 3067 denique
956 2999 1127 3065 Bernhardyi
1139 3001 1202 3054 hist.
1214 3001 1268 3052 litt.
1284 3001 1328 3054 Gr.

211 3088 239 3138 11
257 3085 289 3136 2²
307 3101 333 3150 p.
352 3088 411 3138 636.
448 3102 462 3138 6
486 3086 584 3152 quibus
608 3102 625 3136 6
642 3088 762 3138 veritate
780 3088 900 3152 proxime
920 3086 1018 3136 abesse
1041 3084 1123 3136 credo
1141 3085 1250 3136 Rauohi
1268 3101 1329 3136 666-

211 3173 343 3237 1661166,
361 3171 431 3222 11661
448 3187 503 3220 666
522 3171 600 3222 16666
618 3172 647 3220 16
664 3172 779 3238 singulis
796 3171 978 3222 multifariam
996 3169 1045 3220 illo
1063 3169 1166 3220 titubet
1184 3173 1267 3234 atque
1286 3186 1327 3220 er-

212 3261 268 3320 ret,
292 3257 444 3307 sedetiam
463 3256 595 3306 1116161166
614 3256 840 3322 impeditissimas
859 3257 969 3308 omnino
987 3269 1039 3304 666
1058 3253 1093 3304 ab
1112 3254 1259 3320 diligentia
1277 3271 1328 3305 666

213 3341 248 3391 ab
267 3341 393 3392 66611166
411 3340 568 3405 iudicioque
587 3341 656 3391 satis
674 3340 772 3392 faciat.
795 3342 882 3391 ceteri
901 3341 936 3390 66
954 3355 1036 3390 66616
1054 3354 1148 3390 661666
1166 3340 1248 3390 611616
1269 3340 1329 3390 iere

213 3425 340 3476 diffusam
365 3442 398 3476 66
420 3425 616 3477 versicolorem
641 3431 860 3490 argumentorum
883 3426 1053 3491 farraginem
1076 3425 1207 3489 poeticae
1225 3427 1330 3474 tracta-

214 3511 282 3562 tioni
300 3526 334 3561 ex
351 3514 431 3577 parte
449 3525 545 3576 parum
562 3508 657 3559 hercle
676 3514 769 3575 aptam
788 3515 886 3575 poetae
904 3511 1058 3576 iniungant.
1084 3507 1155 3573 quod
1173 3507 1283 3573 quidem
1301 3509 1331 3558 in

214 3595 248 3647 0.
267 3595 430 3646 Schneideri
449 3609 556 3660 quoque
575 3594 651 3645 66611
668 3595 847 3657 sententiam,
867 3595 913 3659 qui
930 3596 1030 3646 ceteris
1048 3593 1129 3660 longe
1148 3592 1331 3659 explicatiora

215 3696 248 3731 66
272 3679 418 3730 subtiliora
441 3679 474 3728 de
500 3680 582 3729 aetiis
605 3679 766 3744 disputavit.
803 3679 851 3728 sed
870 3679 1006 3729 accedunt
1029 3679 1103 3729 aliae
1121 3679 1244 3747 16116666
1261 3679 1348 3729 satis

214 3780 326 3830 graves,
347 3763 395 3814 cur
412 3764 491 3813 huius
511 3770 732 3830 argumentorum
752 3778 822 3827 quae
840 3762 941 3826 singuli
956 3763 1048 3812 aetion
1059 3762 1125 3812 libri
1137 3763 1331 3812 continuerunt

214 3865 248 3900 ex
265 3850 376 3916 Hygino
399 3849 515 3915 petitam
538 3849 752 3913 descriptionem
775 3847 842 3896 ferri
864 3861 943 3910 posse
967 3861 1124 3912 pernegem.
1155 3862 1250 3897 verum
1268 3861 1330 3896 6616

195 3947 271 3982 ¹rem
288 3938 319 3983 61
337 3948 418 3996 quam
436 3948 491 3982 non
507 3933 563 3982 nisi
581 3933 666 3998 digna
685 3947 751 3981 6616
773 3929 874 3982 vellem
897 3931 1049 3994 attingere,
1074 3930 1109 3980 ab
1132 3931 1177 3982 his
1195 3931 1331 3997 angustiis

214 4020 301 4066 161616
319 4016 474 4082 segregavi.
504 4016 532 4065 id
550 4018 620 4081 quod
637 4016 718 4066 huius
737 4015 931 4080 disputationis
950 4014 1020 4064 bono
1040 4014 1145 4064 1661616
1164 4014 1279 4065 confido.

280 4114 302 4178 ²)
327 4115 500 4167 Contrarium
523 4122 645 4183 statuere
669 4132 729 4166 cum
754 4115 804 4167 alii
827 4120 883 4165 tum
904 4115 1116 4180 Hertzbergius,
1143 4117 1189 4180 qui
1213 4119 1330 4180 quaesti.

213 4202 295 4267 Prop.
314 4217 341 4267 p.
361 4203 409 4252 196
423 4217 463 4267 sq.
483 4203 555 4252 serio
575 4201 707 4264 affirmat,
732 4200 856 4266 singulas
879 4198 991 4249 fabulas
1014 4215 1063 4265 per
1081 4200 1227 4250 formulam
1244 4191 1264 4264 ἢ
1281 4195 1329 4263 οἴη

215 4286 260 4336 vel
276 4275 298 4353 ἢ
314 4277 351 4345 ὥς
369 4288 442 4337 16161
460 4302 489 4337 66
507 4301 594 4337 661166
611 4286 698 4336 fuisse
722 4288 850 4336 tralaticio
868 4288 910 4336 lllo
928 4285 987 4334 inde
1006 4284 1037 4334 ab
1055 4285 1172 4336 Hesiodo
1190 4299 1267 4334 more.
1293 4282 1329 4333 cf.

215 4371 336 4422 eiusdem
356 4371 613 4422 commentationem
631 4369 675 4420 die
693 4369 792 4435 Elegia
811 4370 860 4420 661
876 4368 1076 4420 Alexandriam
1092 4367 1112 4419 l.
1131 4384 1156 4418 c.
1174 4384 1201 4433 p.
1222 4367 1279 4419 179.
