3284 5158
676 431 976 496 -107-2·

237 586 460 683 saepenumero
483 593 636 664 vetustam
664 605 809 684 aliquam*
824 605 958 664 fabulam
984 607 1060 666 locis
1088 607 1170 664 inter
1197 627 1230 666 se
1258 607 1352 684 longo

238 707 397 768 disiunctis
430 704 589 766 videamus
625 725 782 784 emergere
815 707 921 766 formis
954 708 1183 781 fluctuantibus,
1222 708 1352 767 diversis

237 807 419 869 nominibus.
442 806 517 866 inde
531 827 605 868 vero
622 827 816 887 consequens
833 829 910 882 csse,
927 818 960 870 ut
974 811 1125 869 Dianae
1149 808 1352 888 Cydippae

237 931 301 970 non
323 910 421 972 minus
445 909 548 988 aliqua
570 910 663 968 fuerit
689 910 797 987 religio
807 891 821 984 ,⁶
845 931 939 990 quam
956 912 1026 971 istic
1048 893 1352 990 Dianae'Otesyllae
1421 948 1424 952 -

236 1012 289 1071 vel
316 1011 449 1072 Veneris
478 1009 651 1090 Otesyllae,
685 1011 801 1070 scilicet
834 1012 991 1072 Asiaticae
1024 1012 1106 1072 illius
1140 1012 1234 1086 deae,
1269 1013 1352 1071 cuius

237 1113 355 1172 numini
388 1119 419 1171 et
452 1110 593 1191 Otesylla
628 1120 659 1171 et
693 1111 839 1193 Cydippe
872 1115 987 1193 pariter
1020 1115 1054 1172 in
1090 1113 1202 1172 fabulis
1238 1113 1354 1172 fuerint

167 1253 169 1258 ·
238 1213 464 1288 attributae,
488 1233 555 1273 cum
577 1233 610 1274 re
633 1233 708 1273 vera
723 1214 850 1274 aliunde
865 1215 919 1274 illa
933 1217 996 1275 sint
1019 1217 1247 1293 cognomina
1269 1222 1352 1273 nata.

239 1325 269 1376 et
297 1316 442 1394 cognosci
471 1314 609 1374 divinam
636 1324 776 1376 naturam
799 1315 965 1396 Cydippae
993 1317 1054 1375 alio
1084 1336 1205 1396 quoque
1227 1314 1352 1374 indicio.

178 1465 179 1468 ,
238 1437 370 1497 namque
400 1437 419 1474 a
446 1416 586 1478 Diodoro
613 1418 643 1478 V
664 1425 696 1480 57
725 1420 886 1478 memorari
916 1417 1128 1498 Oydippam
1155 1416 1353 1492 Rhodiam,

239 1519 358 1579 Ochimi
379 1519 487 1592 filiam,
516 1527 672 1598 neptem
695 1518 813 1592 Solis,
842 1529 952 1598 postea
980 1528 1014 1578 ut
1036 1528 1140 1577 narrat
1161 1519 1215 1578 ille
1237 1526 1352 1577 mutato

237 1621 363 1680 nomine
387 1619 568 1700 Cyrbiam
591 1619 711 1693 dictam,
737 1620 775 1679 de
799 1599 859 1701 qua
882 1629 913 1680 et
934 1622 1004 1700 ipsa
1017 1620 1198 1680 Plutarchus
1222 1627 1352 1700 quaestt.

239 1722 291 1784 Gr.
314 1729 347 1785 27
371 1722 506 1802 aliquam
529 1721 707 1781 amatoriam
727 1721 862 1783 fabulam
882 1721 995 1802 prodat
1022 1723 1132 1802 cuique
1156 1722 1353 1799 cognomines

240 1816 373 1904 (Κύρβη)
397 1824 512 1884 fuerint
533 1824 637 1903 plures
658 1823 762 1883 Rhodi
786 1822 897 1884 Cretae
919 1824 1015 1884 Asiae
1037 1823 1137 1884 urbes.
1170 1843 1234 1883 non
1254 1824 1353 1881 minus

142 1986 144 1990 ,
237 1926 331 2003 igitur
362 1944 452 2005 quam
484 1925 566 1984 hanc
598 1923 744 2005 Oyrbiam
776 1926 828 1985 vel
861 1924 1008 2006 Cyrbam,
1046 1944 1125 2005 quae
1156 1925 1281 1984 nomine
1314 1923 1355 1982 ad

239 2026 390 2088 Graccum
412 2046 584 2087 sermonem
599 2026 827 2088 accommodato
844 2025 991 2108 Cydippe
1013 2035 1191 2104 nuncupata
1213 2027 1266 2099 sit,
1292 2025 1353 2106 ey-

239 2127 365 2207 dippam
389 2148 510 2208 quoque
534 2129 756 2189 aOallimacho
780 2128 966 2189 celebratam
981 2129 1139 2188 Asiaticae
1159 2128 1205 2187 illi
1228 2126 1355 2186 deorum

238 2229 372 2288 familiae
396 2248 464 2289 esse
487 2229 733 2289 adscribendam.
779 2229 915 2310 denique
942 2238 1008 2290 tota
1030 2229 1197 2310 disputatio
1219 2230 1278 2288 buc
1302 2228 1354 2287 de-

239 2331 359 2391 ducitur
393 2329 437 2409 (p.
467 2327 548 2408 142):
589 2334 642 2389 Die
672 2336 807 2390 aeltesten
838 2334 998 2406 Reiipicnen
1025 2334 1083 2406 aas
1104 2335 1158 2390 den
1185 2333 1281 2389 Insehr
1308 2333 1357 2388 des

239 2435 418 2508 capacitatem
446 2433 556 2490 Meeres
584 2451 684 2492 waren
715 2452 768 2492 von
795 2435 1038 2491 eier'asiatisehen
1059 2435 1166 2492 Kueste
1185 2435 1354 2507 pelcommen.
1408 2449 1411 2454 ·

238 2537 316 2593 Ehen
345 2537 430 2593 dehic
457 2536 508 2592 hut
535 2551 588 2593 uns
609 2537 653 2592 die
674 2536 820 2593 rhodisehe
841 2535 975 2610 Kydippe
995 2537 1064 2593 celer
1085 2536 1183 2608 Kyrbe
1203 2535 1355 2608 pesuehrt:

238 2638 297 2695 und
325 2639 368 2694 elie
389 2637 519 2711 Ktesylla
547 2637 605 2710 auf
626 2637 702 2693 Keos
730 2638 824 2705 werd,
854 2640 904 2693 wie
930 2641 982 2694 wir
1008 2638 1051 2694 hei
1071 2637 1218 2693 Nihander
1239 2637 1354 2709 perehart

238 2739 336 2808 hohen,
351 2740 462 2796 rerehrt
475 2739 598 2812 aupleieh
613 2740 656 2794 cis
667 2737 822 2811 Aphrodite
837 2738 895 2794 und
909 2740 952 2794 als
966 2738 1123 2811 Hehaerye
1139 2738 1167 2792 d.
1179 2737 1208 2792 h.
1224 2738 1355 2793 Artemis.

239 2841 275 2897 So
295 2841 417 2897 erhenae
438 2840 483 2896 ich
505 2841 565 2905 also¹
586 2840 665 2912 euch,
678 2839 741 2895 hier
762 2840 864 2895 wieder
885 2839 927 2895 die
949 2840 1095 2896 asiaiisehe
1112 2840 1228 2907 Goeth'n,
1252 2838 1357 2894 welche

239 2942 290 2998 den
315 2940 451 2998 Grieehen
473 2942 539 2998 hald
559 2943 601 2998 als
623 2929 775 3014 Aphrodite
802 2941 941 3010 ersehien‚
971 2941 1036 2997 held
1063 2943 1105 2998 eis
1127 2942 1262 3008 Artemis,
1293 2940 1358 2995 held

238 3045 281 3100 als
296 3042 514 3116 Rhea-Kybele,
536 3043 602 3099 hald
623 3044 665 3099 als
681 3044 776 3116 Enyo,-
797 3044 856 3099 und
876 3046 904 3099 in
920 3044 971 3099 der
987 3043 1145 3100 Gesehiehte
1159 3059 1210 3099 ron
1225 3041 1357 3115 Kydippe

239 3145 297 3202 und
322 3146 462 3202 Ahontios
490 3145 581 3201 aichts
610 3146 653 3200 als
680 3147 741 3200 eine
769 3146 820 3200 der
846 3144 1027 3218 oieifaehipen
1055 3144 1280 3205 Modihectionen
1308 3144 1357 3199 des

238 3247 574 3304 Lichas-Verhuehnisses
596 3246 736 3302 zwisehen
757 3245 868 3319 Kyhehe
889 3247 948 3302 aad
968 3248 1058 3315 Attis,
1087 3245 1227 3319 zwiseherr
1248 3244 1357 3318 Kypris

238 3349 298 3406 und
323 3349 442 3418 Adonis,
474 3348 613 3404 zwisalten
643 3347 698 3404 Isis
719 3348 778 3405 aad
800 3348 903 3412 Osiris;
930 3348 989 3404 und
1008 3362 1123 3404 woraus
1149 3347 1220 3404 ohne
1243 3345 1359 3419 Zweifel

239 3453 283 3506 ein
304 3451 425 3506 einzeler
446 3467 497 3507 ron
519 3450 570 3506 der
592 3449 731 3505 ionisehen
746 3449 821 3522 lipiic
842 3450 1063 3524 aufyepriffener
1085 3451 1142 3523 Zap
1162 3449 1236 3506 arwh
1256 3451 1293 3504 ist
1315 3449 1358 3504 die

238 3551 321 3608 Liehe
342 3551 394 3607 der
416 3552 571 3624 Aphrodite
592 3569 627 3609 zu
649 3551 709 3608 dem
731 3551 832 3607 Hirten
855 3552 998 3609 Anchises,

324 3651 412 3711 Haec
434 3652 614 3710 Buttmanni
642 3649 824 3730 disputatio,
856 3671 935 3731 quae
961 3649 1057 3712 allicit
1085 3652 1210 3728 egregia
1238 3648 1356 3709 fabula·

240 3773 306 3812 rum
327 3752 550 3813 tractandarum
573 3761 653 3826 arte,
676 3761 709 3811 ut
731 3752 824 3811 hodie
848 3771 969 3832 quoque
985 3774 1049 3811 non
1064 3753 1133 3810 sine
1147 3771 1259 3829 magna
1272 3752 1356 3829 loga·

240 3863 289 3915 tur
310 3856 486 3934 voluptate,
511 3853 660 3914 eademne
684 3852 851 3933 probabilis
873 3854 913 3912 sit
935 3851 1187 3931 probabilemque
1210 3851 1357 3912 adfinem

242 3955 333 4016 ducat
368 3956 543 4035 inquisituri
572 3964 644 4015 ante
672 3963 775 4014 cetera
802 3954 979 4026 videamus,
1003 3953 1075 4012 nuris
1096 3954 1150 4012 ille
1172 3953 1355 4030 analogiam,

242 4078 303 4136 qua
323 4054 358 4117 in
380 4058 592 4139 mythologicis
607 4057 769 4135 ingeniose
786 4075 822 4115 ac
836 4055 968 4114 feliciter
982 4055 1058 4115 alias
1073 4055 1175 4127 utitur,
1198 4054 1357 4133 praesenti

242 4178 370 4220 caussae
399 4159 564 4218 admoveat
592 4160 667 4218 satis
695 4158 842 4217 idoneam
871 4167 901 4216 et
929 4157 1093 4216 efficacem.
1138 4164 1231 4235 atquc
1258 4155 1357 4232 ipsam

242 4280 449 4340 proponemus
474 4259 631 4341 Otesyllae
660 4259 808 4334 fabulam,
841 4280 900 4340 quo
929 4257 1114 4319 commodius
1143 4276 1197 4316 suo
1227 4256 1356 4336 quisquc

241 4371 343 4422 utatur
364 4362 487 4423 iudicio.
