3254 5158
694 402 904 466 μορ..

239 565 290 651 ὅγε
311 576 429 648 κωφαῖς
450 595 506 654 pro
529 561 549 649 ἢ
571 564 619 632 ὅτε
641 578 766 650 ιιοιφαῐς.
811 578 863 656 qui
886 577 1029 655 apposite
1052 579 1181 636 contulit
1203 579 1240 638 Π.
1257 581 1286 636 Γ
1305 588 1355 643 109

240 683 271 733 et
294 673 415 734 Gallim.
438 676 473 733 iu
494 676 587 735 Dian.
613 688 679 738 150:
776 671 779 676 ’

365 792 476 872 ταῦρον
498 784 543 851 ὅτ’
568 789 600 852 εἰι
623 792 742 869 δίφροιο
760 787 839 870 μάλα
860 791 953 872 μέγαν
974 782 994 870 ἢ
1015 785 1064 873 ὅγε
1086 787 1214 873 χλούνην

368 884 486 972 κάπρον
507 882 690 952 ὀπισθιδίοιο
713 891 813 974 φέρων
835 916 862 955 e.
886 916 916 975 q.
939 917 964 956 s.

190 1041 193 1048 .
241 1010 323 1070 addo
346 1013 451 1090 Apoll.
473 1013 575 1073 Rhod.
599 1015 629 1070 Γ
648 1023 714 1077 1239
736 1035 783 1093 sq.

365 1121 428 1202 οίος
451 1119 477 1186 δ’
491 1121 634 1205 Ἴσθμιον
655 1124 710 1190 είσι
732 1123 908 1190 Ποσειδάων
930 1129 959 1203 ἐς
979 1123 1080 1210 άγῦνα
1129 1151 1132 1206 ῑ

364 1221 494 1308 άρμασιν
516 1223 666 1310 ἐμβεβαώς
687 1222 709 1308 ἢ
733 1231 881 1311 Ταίναρον
902 1221 923 1310 'l
944 1223 993 1312 ὅγε
1016 1232 1135 1312 Λέρνης

365 1321 447 1410 ῦδοιρ
470 1323 503 1409 ἠέ
526 1354 553 1394 e.
578 1354 607 1413 q.
631 1355 655 1394 s.

237 1458 302 1510 v.4
324 1449 394 1510 libri
418 1448 550 1527 ἔσχατον,
575 1453 658 1532 quod
674 1473 738 1511 non
760 1451 924 1512 videbatur
945 1473 1053 1512 sanum
1069 1474 1197 1535 cumque
1212 1475 1354 1515 sermons

240 1549 360 1610 Graeco
384 1554 622 1613 convenientem
644 1553 760 1613 habere
783 1555 978 1632 explicatum.
1023 1564 1213 1634 quapropter
1235 1558 1354 1616 correxi

238 1639 335 1728 άσχετ’
359 1642 412 1718 άν,
443 1653 526 1733 quod
549 1652 688 1733 perbene
718 1654 851 1733 quadrat
878 1655 911 1713 in
940 1644 1135 1714 sententiam.
1180 1665 1251 1716 sunt
1273 1659 1355 1716 enim

238 1742 328 1830 άλγεα
349 1743 454 1831 άσχετα
477 1754 600 1815 dolores
622 1765 685 1814 tam
712 1757 928 1828 vehementes,
960 1756 1012 1835 qui
1039 1777 1103 1816 non
1132 1759 1192 1816 iam
1220 1760 1354 1818 coerceri

242 1866 358 1934 queant
380 1866 473 1936 atque
495 1857 629 1935 reprimi.
674 1857 707 1915 in
729 1857 767 1915 Il.
792 1858 824 1914 11
844 1865 896 1920 548
918 1878 965 1936 sq.
997 1867 1045 1916 est
1066 1853 1178 1928 πένθος
1196 1855 1202 1940 Ι
1222 1849 1353 1936 άσχετον,

239 1944 295 2015 οῦκ
317 1950 476 2015 ἐπιεικτόν.
520 1977 557 2016 ac
578 1958 658 2017 solet
674 1956 879 2018 Callimachus
894 1959 1074 2018 Homericae
1097 1940 1267 2020 locutiones
1290 1980 1353 2019 non

239 2059 300 2118 nisi
322 2058 516 2118 deflectendo
539 2078 699 2138 usurpare.
744 2079 803 2120 nee
824 2061 924 2118 minus
941 2060 1147 2119 Callimachea
1170 2069 1216 2120 est
1235 2062 1354 2119 variata

240 2162 424 2218 constructio
447 2158 534 2219 verbi
558 2156 669 2238 ἕξερέῃ,
704 2180 794 2240 quam
816 2181 880 2219 rem
903 2162 979 2220 alias
1002 2181 1185 2240 percurram.
1229 2163 1355 2242 respicit

240 2270 341 2320 autem
363 2262 395 2319 ni
418 2262 509 2321 fallor
530 2263 611 2321 hunc
632 2281 755 2321 versum
776 2262 952 2342 Hesychius
982 2253 1086 2340 o’c'iyeu·
1114 2250 1236 2340 άίγεινά
1258 2257 1352 2320 κακά·

238 2351 361 2432 ὀδύνας·
384 2359 520 2439 πήματα,
545 2373 575 2423 et
597 2363 729 2422 fortasse
751 2359 861 2444 ἕξερίῃ·
885 2359 990 2443 ἐξηγῇ,
1012 2363 1065 2422 ubi
1087 2364 1177 2423 facile
1200 2365 1353 2441 corrigen-

241 2462 311 2522 dum
334 2473 381 2523 est
396 2458 508 2548 ἐξερέῃ·
532 2460 678 2542 ἐξηγῆται.
722 2467 765 2524 Μ.
781 2464 966 2525 Schmidtius
983 2487 1049 2526 cum
1063 2465 1204 2525 Albertio
1226 2461 1354 2545 ἕξερὲῃς·

239 2559 336 2646 ἐξηγῇ.
386 2576 418 2624 at
446 2567 584 2626 eiusdem
612 2566 746 2644 glossam
774 2567 947 2643 μαψαῦραι·
976 2565 1012 2623 αί
1029 2557 1151 2642 μάταιαι
1179 2557 1310 2642 [άιμμαι]
1334 2554 1355 2640 ἢ

162 2659 164 2663 ’
239 2666 352 2741 κοῦφαι
373 2665 465 2725 πνοαί
470 2663 493 2744 ¹)
517 2668 557 2727 ad
578 2667 713 2728 Hesiodi
734 2668 838 2744 theog.
861 2677 914 2732 872
935 2668 1090 2741 rettulere,
1114 2667 1166 2725 ubi
1188 2668 1353 2726 scholiasta

240 2767 384 2829 adnotat:
407 2765 492 2827 κεναί
515 2765 565 2827 καὶ
586 2761 709 2846 μάταιαι
731 2767 832 2828 πνοαί.

322 2889 468 2969 Denique
501 2889 589 2948 huius
621 2886 682 2946 loci
713 2886 836 2946 videtur
867 2905 982 2945 memor
1015 2885 1109 2946 fuisse
1143 2886 1196 2966 qui
1228 2895 1260 2944 et
1292 2887 1353 2944 alia

241 2987 448 3050 Callimachea
474 2987 569 3049 habet
605 2987 656 3066 (ef.
684 2985 949 3048 Hemsterhusium
982 2987 1022 3046 ad
1052 2985 1169 3046 Gallim.
1199 2986 1257 3064 frg.
1286 2984 1351 3064 186)

238 3091 386 3170 Alciphro
409 3092 426 3150 I
447 3101 482 3154 8:
510 3080 593 3169 κάμά
615 3079 650 3148 τά
672 3081 765 3148 πολλὰ
789 3093 850 3158 ταῖς
872 3081 978 3166 αὔραις
998 3080 1177 3162 διαίαλήσας
1199 3107 1225 3146 e.
1243 3109 1272 3168 q.
1289 3083 1351 3165 οἳ)

240 3193 401 3272 aliquanto
416 3193 561 3252 incertius
578 3201 633 3266 est,
657 3191 740 3272 quod
754 3191 958 3250 Ruhnkenius
975 3190 1213 3250 Callimacheam
1228 3198 1353 3248 senten·

238 3295 312 3356 tiam
344 3294 385 3366 ab
414 3295 613 3353 Aristaeneto
649 3295 890 3352 Callimackiorum
921 3295 1120 3366 elepantiarum
1153 3294 1353 3365 diliyentissimo

239 3403 327 3473 putat
350 3415 528 3475 expressam
550 3396 567 3454 I
585 3404 615 3458 16
629 3416 661 3474 p.
684 3403 719 3458 78
736 3397 793 3454 Βο.
816 3383 894 3464 άπας
915 3381 975 3470 γάρ
995 3385 1036 3450 δι’
1060 3382 1161 3450 ὁτιοῦν
1183 3381 1352 3469 ἀχθόμενος

239 3486 293 3571 τὴν
320 3486 424 3573 ψυχὴν
451 3486 483 3554 τῦ
512 3496 627 3555 λυποῦν
655 3492 786 3554 Ericinio
813 3491 996 3569 ἐπικουφίζει
1019 3495 1071 3570 τῆς
1092 3485 1293 3571 άδημονίας3)
1320 3483 1354 3566 cd

308 3731 328 3797 ¹)
347 3735 416 3784 Nam
434 3725 539 3798 ἅιμμαι
558 3734 628 3798 quod
642 3734 809 3784 coniecturis
821 3732 1049 3799 improbabilibus
1062 3736 1203 3781 tentarunt
1214 3730 1266 3780 viri
1279 3729 1354 3780 docti

241 3815 383 3867 delendum
406 3824 484 3882 puto,
516 3834 577 3868 cum
600 3818 789 3883 dittographia
812 3817 964 3868 litterarum
987 3816 1177 3865 AIMATAIAI
1200 3820 1287 3864 ortum
1312 3815 1353 3866 vi·
1436 3859 1439 3864 .

240 3901 345 3952 deatur.

306 4003 327 4068 ²)
351 4005 440 4054 Ventis
462 4021 538 4054 curae
559 4007 711 4056 committere
733 4019 857 4069 quaeque
880 4003 923 4056 his
942 4006 1005 4050 sunt
1022 4000 1125 4052 similia
1145 4000 1306 4067 plerumque
1326 4001 1354 4050 in

240 4089 409 4138 contrarIum
420 4087 478 4138 fere
489 4089 617 4138 dicuntur
629 4103 747 4138 sensum.
761 4088 797 4138 ef.
812 4087 939 4152 Sapphus
952 4086 1004 4151 frg.
1013 4088 1044 4136 18
1056 4086 1137 4152 th,
1151 4085 1267 4140 Theoer.
1274 4085 1353 4134 XXII

241 4174 288 4222 167
307 4181 356 4237 sq.,'
379 4173 506 4238 Apollon.
525 4173 796 4238 Rhod.11334sq.,
818 4173 907 4222 Nonn.
925 4171 1042 4220 XLVIII
1061 4173 1122 4232 785,
1146 4170 1246 4220 Catull.
1264 4168 1353 4218 LXIV

241 4258 297 4316 164,
316 4257 383 4307 Hor.
403 4273 487 4308 carm.
505 4259 519 4307 I
537 4260 569 4307 26
588 4258 648 4308 init.
665 4257 713 4306 nbi
732 4273 757 4308 v.
776 4255 1033 4306 Mitscherlichium.

307 4341 328 4406 ³)
347 4340 440 4392 Codex
458 4341 493 4407 τῇ
511 4341 638 4407 διανοίᾳ.
668 4341 849 4390 Ruhnkenius
866 4340 916 4405 τῆς
934 4331 1104 4405 ἀδημονίας,
1125 4337 1282 4388 Huschkius
1294 4335 1313 4386 l.
1328 4352 1351 4387 c.
