3284 5158
657 407 890 471 -139-

288 600 328 640 en
350 582 460 641 iterum
483 580 581 641 scribo
605 583 755 661 mittoque
777 583 920 660 rogantia
941 582 1052 642 verba:

328 684 426 742 altera
448 677 534 743 fraus
554 684 631 742 haec
654 692 701 742 est
724 683 870 764 quodque
894 686 1031 765 queraris
1053 684 1160 745 habes.

230 793 264 845 35
287 785 314 844 si
337 805 450 860 noceo,
475 784 558 864 quod
581 804 665 859 amo,
689 785 803 860 fateor,
827 787 896 846 sinc
917 786 979 844 fine
1002 785 1137 860 nocebo,

328 895 437 967 teque,
461 888 527 967 peti
549 905 660 946 caveas
684 895 717 946 tu
739 887 826 960 licet,
849 905 948 967 usque
971 895 1085 967 petam.

287 1008 343 1066 per
365 988 484 1065 gladios
508 989 560 1047 alii
582 987 711 1068 placitas
734 1008 865 1067 rapuere
888 989 1024 1068 puellas:

328 1091 442 1168 scripta
464 1091 537 1148 mihi
561 1069 649 1148 caute
670 1090 774 1149 littera
797 1091 912 1148 crimen
936 1090 1016 1149 erit?

287 1190 317 1249 di
340 1191 455 1250 faciant
478 1192 593 1271 possim
615 1192 718 1270 plures
741 1193 895 1271 inponere
917 1191 1033 1265 nodos,

229 1303 263 1352 40
327 1296 361 1351 u't
383 1301 435 1351 tna
457 1295 497 1352 sit
519 1293 606 1352 nulla
628 1292 726 1352 libera
748 1301 837 1372 parte
859 1293 956 1352 fidesl

199 1445 201 1448 ,
285 1394 369 1453 mille
393 1394 456 1454 doli
478 1403 605 1454 restant.
636 1394 716 1453 clivo
739 1395 883 1454 sudamus
905 1396 938 1453 in
960 1395 1030 1454 imo.

327 1495 420 1556 ardor
441 1497 638 1575 inexpertum
660 1497 706 1556 nil
728 1496 810 1556 sinet
834 1516 901 1556 esse
924 1515 1019 1555 mens.

286 1594 337 1677 [sit
360 1597 484 1657 dubium
505 1600 648 1678 possisne
671 1599 757 1678 capi,
782 1597 947 1677 captabere
970 1604 1078 1657 certe(

327 1700 426 1760 exitus
448 1701 482 1758 in
506 1699 553 1759 dis
577 1708 640 1776 est,
664 1698 720 1760 sed
744 1701 867 1778 capiere
889 1697 1015 1780 tamen]
1093 1729 1095 1731 ·

227 1809 260 1888 45
283 1809 317 1860 ut
339 1810 459 1880 partem
482 1803 627 1880 effugias,
651 1823 716 1862 non
739 1803 842 1861 omnia
863 1803 943 1861 retia
965 1802 1073 1876 falles,

327 1923 406 1983 quae
429 1903 484 1963 tibi
508 1924 598 1983 quam
620 1903 720 1964 credis
743 1904 832 1982 plura
853 1903 988 1962 tetendit
1010 1904 1114 1964 Amor.

283 2005 310 2064 si
332 2026 395 2064 non
418 2005 580 2084 proficient
602 2013 698 2079 artes,
722 2006 882 2064 veniemus
906 2004 947 2063 ad
968 2025 1067 2077 arma,

326 2107 421 2186 inque
443 2108 488 2166 tui
511 2106 623 2186 cupido
646 2115 735 2186 rapta
758 2107 859 2166 ferere
882 2108 961 2167 sinu.

283 2228 346 2267 non
368 2230 434 2269 sum
458 2209 509 2289 qui
532 2210 648 2268 soleam
670 2209 792 2268 Paridis
814 2209 1048 2288 reprehendere
1070 2210 1198 2288 factum,

226 2319 261 2371 50
326 2330 384 2369 nec
406 2331 603 2391 quemquam,
629 2313 695 2390 qui,
719 2311 767 2370 vir
788 2319 895 2390 posset
916 2319 950 2371 ut
973 2330 1057 2385 esse,
1081 2313 1148 2373 fuit.

219 2483 220 2486 Ἴ
283 2432 339 2471 nos
364 2432 487 2492 quoque
508 2444 552 2454 —
574 2412 630 2472 sed
653 2420 752 2472 taceo.
786 2432 866 2472 mors
887 2413 977 2472 huius
1000 2433 1104 2492 poena
1126 2417 1256 2494 rapinas

324 2522 358 2573 ut
380 2515 434 2587 sit,
459 2516 530 2589 crit,
556 2534 647 2594 quam
667 2523 700 2573 te
722 2535 786 2572 non
809 2512 969 2592 habuisse,
994 2515 1103 2574 minor.

283 2623 335 2674 aut
358 2636 441 2676 esses
465 2617 598 2676 formosa
619 2617 735 2688 minus,
759 2623 902 2694 peterere
924 2614 1079 2676 modeste:

325 2718 458 2778 audaces
481 2719 561 2778 facie
585 2719 734 2796 cogimur
743 2737 811 2776 esse
833 2725 895 2775 tua.

225 2828 259 2880 55
280 2827 314 2877 tu
337 2819 412 2879 facis
434 2821 493 2879 hoc
516 2821 692 2900 oculiquet
693 2821 738 2892 ui,
764 2817 905 2898 quibus
896 2837 991 2896 lgnea
1013 2819 1129 2879 cedunt

324 2919 442 2989 sidera,
467 2923 519 3001 qui
541 2923 680 2981 flammae
704 2940 796 2980 causa
818 2921 905 2979 fuere
927 2939 1032 2994 meae,

282 3023 340 3081 hoc
362 3023 480 3082 faciunt
501 3024 574 3082 flavi
597 3023 696 3082 crines
721 3031 752 3082 et
740 3022 911 3081 teburnea
934 3023 1040 3081 cervix

325 3144 482 3205 quaeque,
506 3145 630 3204 precor,
654 3125 784 3184 veniant
806 3125 839 3182 in
861 3143 930 3182 mea
953 3125 1032 3183 colla
1053 3145 1161 3185 manus

281 3351 304 3385 v.
324 3335 357 3385 34
375 3300 561 3400 qoodddbrarn
578 3334 632 3384 Pl.
654 3363 682 3370 —
702 3351 728 3384 v.
748 3329 781 3384 35
799 3335 837 3384 sic
853 3334 886 3384 L.
907 3359 939 3369 -—
957 3349 983 3387 v.
996 3335 1029 3384 36
1047 3341 1121 3400 teque
1138 3343 1223 3400 petam
1240 3353 1332 3389 careas

211 3427 237 3469 tu
256 3421 314 3469 lieet
331 3421 387 3484 ipse
403 3426 489 3484 petam
507 3418 549 3468 Pl
563 3421 586 3467 L
600 3419 651 3480 Pa,
672 3427 745 3485 teque
760 3426 847 3483 petum
864 3435 955 3469 caveas
974 3426 1000 3468 ta
1017 3421 1077 3470 licet
1094 3423 1151 3484 ipsa
1166 3429 1252 3485 petam
1266 3423 1290 3473 G
1303 3424 1331 3488 S,

210 3511 284 3569 teque
305 3511 392 3567 petora
414 3519 505 3554 caveas
529 3511 555 3552 ίιι
578 3507 637 3553 licet
654 3506 712 3568 ipsa
728 3507 784 3568 peti
802 3507 930 3568 quattuor
947 3502 1013 3553 libri
1031 3505 1147 3566 Heinsi,
1173 3506 1221 3571 qui
1240 3508 1331 3557 conie-

210 3589 249 3638 cit
266 3595 354 3654 teqne,
378 3591 433 3654 petr*
455 3605 546 3638 carens
572 3595 597 3637 tn
615 3590 686 3646 lieet,
710 3603 788 3652 nsque
805 3597 898 3652 petam.
917 3613 949 3622 -
973 3605 997 3640 ν.
1016 3591 1048 3639 37
1066 3592 1185 3652 placidas
1202 3592 1246 3641 Pl
1266 3592 1289 3642 G
1308 3594 1333 3643 L

210 3673 264 3721 Pa.
292 3699 323 3708 ·-
346 3688 373 3722 v.
392 3676 424 3724 39
443 3674 519 3722 diiL
540 3673 582 3720 Pa
601 3673 628 3722 S.
663 3686 764 3736 possem
781 3673 824 3722 Pl
845 3674 876 3723 L.
912 3675 1035 3736 inponere
1054 3674 1111 3734 Pl,
1139 3676 1268 3740 imponere
1288 3694 1331 3727 ce-

210 3757 273 3810 teri.
297 3784 330 3792 -
352 3775 378 3808 v.
394 3758 427 3806 41
450 3761 514 3806 mille
537 3756 644 3807 modiL
664 3755 690 3809 S.
719 3755 853 3806 subdamus
871 3760 897 3806 in
914 3773 964 3806 nno
983 3757 1013 3806 L.
1033 3782 1062 3790 -
1087 3773 1114 3809 v.
1131 3761 1164 3808 42
1182 3763 1243 3810 sinit
1261 3761 1283 3811 G
1300 3762 1331 3820 L,

213 3833 260 3918 rol
266 3869 400 3918 Pa.-v
413 3868 446 3916 43
456 3881 496 3930 sq
512 3865 769 3929 circumscripsi—
781 3882 807 3914 v.
817 3867 888 3915 44ιιι
902 3863 1046 3922 dorsP2S
1060 3868 1251 3922 insidiisL.-
1219 3886 1288 3920 -.v
1299 3870 1332 3920 46

210 3954 303 4002 credas
321 3951 511 4002 Heiusius-
482 3968 556 4000 —v.
575 3951 608 3999 47
623 3951 762 4014 proficiunt
782 3950 818 4011 G,
842 3950 1079 4052 proficiantme—
1098 3969 1124 4003 v.
1142 3955 1208 4004 48
1197 3971 1272 4020 enque
1297 3959 1334 4005 tui

209 4063 318 4125 cupidus
337 4061 389 4110 ct'
382 4077 410 4109 rn
429 4061 554 4126 margine
573 4063 647 4125 inque
666 4075 718 4110 meo
737 4062 830 4124 cupido
848 4061 905 4122 Pl,
928 4063 1004 4126 inque
1023 4065 1060 4110 tui
1083 4063 1231 4126 rupidoG,
1255 4066 1331 4129 inque

209 4147 258 4195 mei
274 4148 367 4211 cupido
387 4145 480 4206 Pas,
511 4147 586 4209 inque
604 4160 657 4195 meo
674 4145 762 4209 cupidi
783 4145 980 4194 Heinsius-
1008 4163 1034 4201 v.
1051 4149 1085 4197 49
1106 4149 1209 4197 solteam
1226 4149 1332 4197 Paridis

209 4256 419 4319 reprendereS,
451 4253 707 4363 dep‘endereGs
734 4270 760 4307 v,
780 4255 812 4304 50
831 4262 960 4318 possent
977 4256 1034 4315 Pl,
1055 4258 1139 4318 possit
1156 4253 1278 4305 LPQS.
1299 4281 1331 4290 —

209 4379 236 4415 v.
250 4366 282 4415 53
301 4365 518 4417 θιιιειΡ2.-
488 4381 564 4416 —.v
583 4364 616 4414 55
634 4371 660 4413 tu
675 4365 744 4427 focis
762 4367 876 4429 oculique
893 4365 995 4414 Pl.—
969 4381 1042 4414 —v.
1056 4365 1087 4414 57
1104 4363 1331 4430 {lanifaciuntG
