3284 5158
750 409 984 472 -112-

311 586 457 665 idemque
479 603 592 644 nomen
616 584 649 642 in
671 581 923 662 inscriptionibus
946 601 1013 642 non
1033 601 1133 644 rarum
1155 589 1212 640 est.
1256 589 1288 640 at
1303 599 1429 641 caussae

310 686 453 766 perditae
475 687 528 746 vel
550 685 622 746 ideo
646 685 724 744 nihil
746 692 849 764 potest
872 683 1049 743 adminiculi
1070 683 1129 742 hac
1151 703 1191 743 ex
1217 691 1307 762 parte
1330 702 1429 743 arces-

312 780 374 862 siri,
400 789 544 868 quoniam
566 789 770 847 Buttmannus
794 806 830 845 ea
852 786 976 865 ipsein
998 804 1031 845 re
1055 805 1073 844 1
1094 805 1168 844 vero
1189 785 1284 863 longe
1306 783 1431 845 videtur

313 889 483 950 aberrasse.
515 890 609 970 quisi
628 887 752 948 urbibus
769 888 953 948 enumeratis
971 885 1079 968 quibus
1097 885 1219 966 Cyrbae
1236 894 1301 946 erat
1317 905 1430 961 nomen

312 991 357 1050 111
372 991 474 1070 pergit
490 985 535 1071 (p.
552 988 614 1069 140)
638 1007 754 1050 worous
774 992 895 1048 deutlich
916 992 1030 1060 11111ῑὶ1,
1049 993 1115 1047 class
1135 991 1177 1047 die
1192 990 1346 1064 mythiscte
1360 991 1430 1046 Per-

313 1109 373 1164 son,
385 1095 428 1150 die
442 1095 588 1152 desselben
606 1095 712 1151 Numen
723 1100 793 1166 erup,
804 1095 877 1150 olleo
886 1095 978 1166 jeoen
991 1093 1153 1150 Stoemmen
1165 1095 1240 1166 eipen
1255 1110 1327 1162 war,
1339 1109 1430 1168 prae·

316 1202 442 1272 postero
456 1194 515 1254 hoc
531 1193 694 1254 concludit.
718 1184 824 1271 Κύρβη
846 1193 925 1252 nihil
945 1191 1030 1251 aliud
1053 1201 1101 1253 est
1123 1212 1213 1271 quam
1235 1183 1353 1268 κορυφή
1377 1189 1430 1268 (11.

318 1293 455 1354 Curtium
476 1295 591 1373 griech.
615 1295 717 1376 Etym.
740 1295 775 1354 H
796 1314 828 1373 p.
847 1291 907 1372 105)
922 1288 964 1371 ¹),
987 1303 1020 1353 ut
1043 1285 1214 1372 Κύρβαντες
1237 1292 1337 1353 eidem
1360 1300 1431 1353 sunt
1544 1346 1546 1356 r

317 1403 410 1476 atque
423 1389 614 1473 Κορύβαντες
636 1398 689 1456 vel
711 1393 858 1472 κυρβασία
880 1403 911 1454 11
926 1387 1119 1472 Κορυφάσιον
1141 1416 1204 1455 111
1227 1396 1287 1454 1111
1310 1394 1431 1454 deflexa

317 1498 542 1575 significatione
565 1498 721 1558 differunt.
767 1518 857 1577 quam
879 1499 1036 1557 confirmat
1066 1497 1316 1575 originationem,
1347 1495 1431 1575 quod

318 1597 421 1677 Cyrba
442 1599 513 1660 urbs
537 1599 694 1660 Cretensis
717 1607 827 1679 postea
845 1585 1017 1676 ‘leuciucwc
1046 1597 1211 1672 dicta-est,
1241 1617 1312 1657 nam
1334 1589 1431 1654 calceo

318 1708 365 1759 est
387 1695 487 1779 πέτρα.
512 1701 550 1760 cf.
567 1699 667 1762 Strab.
690 1701 723 1760 X
740 1709 844 1780 11471,
868 1700 990 1761 Hoechi
1013 1700 1136 1761 Cretam
1157 1701 1173 1758 I
1195 1707 1290 1779 11411
1305 1719 1352 1778 sq.
1375 1699 1431 1757 ita·

318 1821 378 1881 que
402 1802 485 1882 quod
507 1802 678 1881 complures
700 1803 791 1862 urbes
814 1803 873 1862 hoc
887 1803 1012 1862 nomine
1028 1801 1286 1880 significabantur,
1310 1801 1432 1859 facilem

319 1903 504 1982 explicatum
530 1903 634 1963 habet.
677 1904 739 1962 iam
765 1924 840 1964 vero
869 1925 947 1978 non,
977 1913 1011 1964 ut
1031 1906 1236 1964 Buttmannus
1259 1901 1429 1975 arbitratur,

319 2002 441 2084 Cyrbae
463 2006 515 2064 vel
531 2004 665 2086 Cyrbiae
688 2005 813 2066 nomine
830 2005 948 2068 Graeco
972 2007 1106 2066 sermoni
1127 2004 1353 2064 accommodato
1370 2003 1431 2083 Cy·

217 2154 220 2159 .
319 2105 433 2185 dippae
466 2114 563 2165 ortum
596 2127 707 2166 nomen
743 2115 803 2181 111,
839 2108 950 2187 qualis
969 2108 1107 2167 violenta
1128 2108 1295 2167 immutatio
1325 2104 1431 2165 dubito

318 2228 390 2267 num
413 2208 495 2267 facta
516 2210 556 2268 sit
577 2228 728 2288 umquam.
773 2228 832 2268 nec
853 2209 1008 2272 Diodorus
1032 2208 1177 2289 Cyrbiam
1207 2207 1432 2268 transnomina-

317 2318 379 2370 tam
402 2330 469 2370 esse
486 2308 671 2390 Cydippam‚
696 2309 751 2370 sed
775 2311 959 2370 contrarium
981 2311 1082 2390 potins
1097 2319 1212 2371 narrat.
1257 2327 1352 2390 quare
1368 2329 1432 2369 non

318 2411 379 2471 nisi
401 2412 444 2471 ita
466 2410 669 2490 probabiliter
691 2411 833 2490 expediri
848 2411 962 2491 poterit
983 2412 1061 2472 haec
1074 2413 1306 2473 metonomasia.
1336 2410 1430 2471 habe·
1475 2486 1479 2492 .

317 2511 407 2572 batur
422 2511 525 2594 Cyrbe
546 2512 629 2572 urbis
645 2520 798 2573 vetustum
813 2533 927 2573 nomen
944 2512 1128 2574 Cretensis·
1143 2515 1201 2572 hoc
1216 2534 1235 2572 1
1251 2532 1312 2593 qua
1326 2521 1432 2592 posset

319 2613 433 2674 celebri
455 2634 588 2694 persona
610 2614 812 2694 probabiliter
833 2616 934 2694 repeti
958 2636 1024 2675 cum
1047 2617 1292 2696 circumspiceret
1306 2615 1432 2674 istorum

317 2736 396 2776 unus
419 2714 541 2774 κτίσεων
563 2717 753 2796 scriptorum,
776 2717 808 2776 in
831 2715 1008 2798 Cydippam
1025 2716 1146 2778 Ochirni
1160 2715 1316 2777 Heliadae
1338 2716 1432 2775 filiam

318 2818 447 2897 proclivi
469 2820 589 2878 ratione
610 2818 730 2878 incidit.
775 2838 866 2898 quam
889 2839 956 2879 esse
980 2819 1124 2900 Cyrbiam
1145 2819 1430 2892 transnominatam‚

317 2928 350 2979 ut
377 2920 498 2979 inventi
529 2929 656 3000 augeret
683 2921 833 3001 speciem,
869 2928 994 2981 strenue
1022 2921 1157 2980 iactavit.
1210 2919 1320 2980 eodem
1350 2920 1432 2979 enim

317 3022 372 3080 vili
388 3022 513 3082 artificio
529 3041 753 3102 saepenumero
769 3022 952 3082 vanissimos
975 3023 1050 3082 istos
1068 3023 1208 3082 homines
1224 3030 1346 3082 constat
1361 3041 1431 3081 usos

318 3143 396 3197 esse,
421 3144 480 3203 quo
503 3143 552 3183 res
575 3143 788 3203 personasque
810 3123 850 3182 ad
873 3123 1051 3183 arbitratum
1073 3145 1159 3184 suum
1182 3132 1389 3183 conecterent.

402 3225 467 3284 Iam
482 3226 619 3304 sequitur
641 3232 674 3283 ut
695 3225 728 3284 11
748 3245 820 3284 1111
835 3225 919 3285 nuda
934 3225 1057 3286 reddita
1071 3245 1159 3286 meae
1182 3245 1296 3305 ponam
1312 3227 1431 3286 coniec-

317 3334 404 3385 turae
428 3326 674 3405 explicationem.
840 3318 843 3324 ’
1090 3383 1100 3396 s

403 3426 595 3488 Ordiendum
625 3436 727 3486 autem
759 3427 848 3488 nobis
878 3436 925 3488 est
958 3449 976 3488 1
1007 3448 1041 3488 11
1068 3449 1162 3508 snpra
1194 3437 1314 3503 notata,
1349 3427 1431 3508 quod

317 3529 521 3609 paraphrasta
535 3531 567 3589 in
585 3528 694 3588 eodem
709 3538 897 3608 argumento,
922 3550 1015 3611 aquo
1031 3532 1187 3611 profectus
1207 3540 1262 3604 est,
1285 3529 1433 3590 narrandi

316 3631 409 3690 finem
437 3631 523 3704 facit,
557 3630 616 3690 hoc
644 3639 691 3690 est
718 3632 751 3690 in
779 3633 895 3711 nuptiis
919 3631 1083 3713 Cydippae
1113 3642 1144 3692 et
1173 3633 1297 3693 Aconti.
1342 3653 1432 3712 quam

318 3731 443 3811 quidem
472 3731 707 3811 dispositionem
736 3753 795 3793 nec
823 3734 1037 3795 Aristaenetus
1065 3736 1165 3814 potuit
1192 3755 1339 3808 novasse,
1373 3753 1432 3793 nec

318 3833 520 3894 Callimachus
544 3834 583 3895 de
601 3836 702 3901 ‚nihilo
725 3836 903 3896 instituisse.
940 3837 1021 3915 quod
1045 3857 1112 3898 cum
1133 3837 1176 3898 111
1198 3838 1251 3910 111,
1276 3835 1431 3914 ambigen-

319 3935 390 3994 dum
412 3956 475 3994 non
499 3945 561 4010 est,
592 3938 668 4015 quin
692 3937 898 3998 Callimachus
927 3939 1116 3998 narrantium
1138 3941 1297 4017 poetarum
1319 3957 1431 4016 peran-

316 4039 403 4116 tiquo
431 4057 515 4097 more
545 4037 711 4117 Cydippae
740 4041 871 4117 elegiam
898 4039 942 4098 ita
969 4040 1035 4100 fere
1064 4041 1241 4118 auspicatus
1271 4041 1325 4099 sit:
1356 4040 1431 4097 ‘iam

387 4272 405 4336 ¹)
424 4275 516 4324 Mons
534 4271 663 4338 Κίρφις
682 4289 766 4340 prope
780 4292 796 4324 a
810 4273 903 4325 Crissa
921 4275 990 4325 situs
1009 4278 1233 4326 commemoratur
1247 4275 1281 4325 ab
1294 4275 1432 4325 Antonino

318 4358 410 4409 Liber.
425 4361 441 4410 8
454 4363 481 4408 et
494 4374 511 4408 a
523 4358 658 4408 Strabone
670 4359 737 4409 VIII
750 4377 776 4424 p.
788 4361 846 4423 418,
867 4360 946 4412 urbs
959 4359 1065 4430 Κίρφις
1078 4377 1095 4411 1
1108 4361 1243 4411 Strabone
1256 4361 1323 4410 VIII
1336 4377 1362 4426 p.
1371 4360 1430 4409 416.
