3284 5158
676 357 731 456 1-
775 410 836 474 149
878 449 921 459 -

212 607 223 626 ·
261 591 295 647 45
319 585 347 644 ei
370 583 461 658 mihi,
486 584 621 662 coniugii
642 591 763 663 tempus
785 582 919 644 erudelis
943 585 1104 666 adipsum

360 669 562 765 Persephone
584 692 707 745 nostras
729 685 832 764 pulsat
853 685 964 744 acerba
986 687 1084 747 fores!

318 787 379 846 iam
401 788 514 866 pudet,
539 795 570 846 et
591 788 700 861 timeo,
725 786 864 865 quamvis
885 786 959 846 mihi
981 790 1105 848 conseia
1126 810 1191 850 non
1215 791 1285 865 sim,

359 888 495 962 offensps
516 888 627 947 videar
649 906 690 946 ns
711 887 860 946 meruisse
883 887 969 949 deos.

316 989 460 1049 assidere
482 989 560 1049 haee
582 989 695 1068 aliquis
718 1007 789 1048 casu
812 987 990 1063 contendit,
1014 997 1045 1049 et
1067 990 1146 1051 alter

258 1101 293 1153 56
357 1098 518 1169 acceptum
539 1089 658 1170 superis
680 1090 762 1150 hune
784 1099 879 1168 negat
902 1109 971 1150 esse
992 1091 1105 1164 virum,

245 1235 250 1248 .
315 1211 397 1251 neve
419 1191 498 1251 nihil
521 1191 630 1250 eredas
651 1193 685 1251 in
707 1200 739 1251 te
761 1209 885 1271 quoque
908 1191 1011 1252 disere
1033 1193 1159 1267 famam,

356 1294 438 1352 faeta
459 1293 618 1352 veneficiis
640 1311 712 1371 pars
735 1300 823 1371 putat
843 1291 904 1352 ista
924 1293 995 1352 tuis.
1152 1293 1156 1300 '

315 1413 408 1454 causa
429 1379 518 1467 latet,
542 1394 623 1453 mala
644 1402 750 1454 nostra
771 1401 890 1472 patent.
919 1412 975 1451 vos
997 1413 1076 1472 paee
1097 1399 1228 1456 movetis

359 1514 471 1574 aspera
493 1503 642 1554 summota
663 1494 797 1573 proelia,
821 1495 940 1573 plector
963 1514 1029 1573 ego.

256 1606 290 1657 55
313 1595 363 1654 die
384 1595 473 1672 mihi,
497 1613 580 1654 nune
602 1595 756 1674 solitoque
776 1593 832 1654 tibi
855 1614 896 1654 ne
920 1595 1030 1675 decipe
1052 1617 1151 1658 mors:

297 1680 299 1684 Α
355 1697 430 1777 quid
452 1696 549 1755 facies
573 1695 658 1769 odio,
682 1695 800 1755 sicubi
823 1716 926 1756 amore
948 1697 1067 1758 noces?

311 1798 336 1856 si
359 1797 458 1857 laedis
482 1796 566 1878 quod
589 1816 687 1871 amas,
710 1796 831 1856 hostem
853 1798 1012 1877 sapienter
1034 1799 1166 1859 amabis:

349 1909 418 1972 me,
441 1913 566 1978 preuor,
588 1907 622 1958 ut
645 1896 925 1978 servessperdere
947 1900 1030 1959 velle
1052 1901 1140 1960 velis.

311 2007 364 2059 aut
385 1999 441 2058 tibi
463 1999 524 2058 iam
546 1999 662 2060 nullast
684 2007 827 2078 speratae
851 2019 922 2060 eura
943 2001 1084 2080 puellae,

253 2109 288 2163 66
353 2120 444 2179 quam
466 2101 550 2161 ferus
572 2100 704 2178 indigna
725 2100 797 2160 tabe
819 2102 923 2180 perire
946 2102 1037 2175 sinis,

310 2211 376 2276 aut,
400 2201 461 2262 dea
483 2202 509 2260 si
532 2201 643 2262 frustra
665 2222 721 2281 pro
743 2221 792 2261 me
813 2201 870 2261 tibi
892 2219 988 2262 saeva
1009 2212 1143 2282 rogatur,
1237 2193 1239 2198 ¹

352 2323 413 2383 qua
434 2302 508 2362 mihi
530 2311 562 2362 te
584 2304 680 2363 iactas
703 2304 803 2382 gratia
825 2303 912 2364 nulia
933 2312 1024 2364 tuest.

309 2405 404 2482 elige,
429 2403 505 2484 quid
526 2405 641 2482 fingas:
669 2425 731 2464 non
754 2405 802 2463 vis
825 2406 950 2484 placare
971 2405 1121 2478 Dianam,

326 2539 330 2544 ·
349 2507 496 2565 inmemor
520 2525 553 2565 ss
575 2507 688 2566 nostri:
719 2527 783 2565 non
806 2516 912 2584 potes,
935 2506 990 2565 illa
1012 2507 1096 2566 tuist.

250 2615 284 2669 65
306 2607 358 2666 vel
381 2626 546 2687 numquam
568 2607 691 2666 mallem
711 2606 764 2664 vel
786 2626 850 2665 non
874 2606 948 2664 mihi
970 2618 1110 2686 tempore
1132 2609 1166 2667 in
1188 2608 1242 2667 illo

350 2716 433 2767 esset
454 2709 487 2767 in
509 2708 645 2786 Aegaeis
669 2698 793 2784 eognita
814 2707 912 2766 Delos
935 2708 1033 2786 aquis.

306 2818 379 2868 tuns
400 2828 470 2879 mea
493 2809 611 2870 difficili
636 2807 798 2868 deductast
821 2828 956 2888 aequore
978 2809 1067 2868 navis

349 2919 379 2970 et
401 2910 460 2969 fuit
481 2911 521 2970 ad
545 2918 672 2990 coeptas
693 2911 769 2970 hora
791 2911 916 2972 sinistra
937 2911 1014 2970 vias.

306 3031 367 3090 quo
390 3010 472 3090 pede
494 3010 656 3092 processi?
686 3032 745 3091 quo
768 3031 817 3071 me
840 3011 923 3092 pede
945 3012 1052 3071 limine
1074 3012 1179 3072 movi?

301 3231 327 3264 v.
346 3215 380 3265 45
397 3219 424 3264 et
439 3215 499 3265 misi
515 3214 547 3275 L,
567 3229 614 3264 nee
625 3214 685 3264 naihi
694 3213 734 3264 P3
745 3229 771 3275 v,
791 3229 856 3263 nunc
873 3213 932 3263 6666
948 3228 973 3272 r,
992 3213 1017 3263 ei
1033 3213 1092 3262 milti
1103 3212 1125 3266 1.
1138 3213 1185 3262 Fr.
1196 3212 1354 3278 Heusinge-

233 3355 289 3394 rus.
302 3367 334 3377 —
352 3355 377 3391 v.
390 3339 424 3391 46
441 3337 535 3391 acerbo
552 3355 579 3392 v.
592 3367 624 3376 -
641 3356 668 3391 v.
680 3341 714 3390 49
726 3340 845 3390 accidere
858 3339 905 3390 hoc
916 3338 949 3400 L,
968 3339 1086 3388 accidere
1098 3303 1146 3390 aiio
1157 3338 1210 3402 1³3,
1229 3340 1353 3388 accedere

233 3425 280 3475 hoe
297 3440 323 3475 v.
342 3449 376 3460 -
393 3439 420 3475 v.
438 3425 469 3475 51
489 3440 550 3475 neve
567 3426 626 3476 milti
642 3425 723 3477 LP3
734 3441 766 3487 v,
790 3440 850 3474 neve
869 3424 930 3473 nihil
951 3439 973 3485 r,
992 3423 1119 3488 idemque
1138 3423 1190 3474 eoi,
1210 3423 1353 3473 Heinsius.

232 3511 323 3560 credat
340 3509 374 3560 L.
393 3536 425 3546 -
447 3525 473 3559 v.
493 3510 526 3559 52
543 3512 594 3560 ista
611 3511 672 3560 meris
689 3509 781 3572 LP3,
806 3511 844 3558 ita
860 3510 921 3559 meis
938 3525 969 3571 v,
993 3509 1045 3558 ista
1062 3509 1110 3558 tuis
1127 3524 1148 3559 r.
1166 3534 1198 3544 -
1222 3523 1247 3558 v.
1266 3509 1299 3559 53
1311 3523 1351 3573 sq.

233 3595 364 3659 suspecti.
376 3619 411 3630 —
427 3609 453 3646 v.
466 3595 500 3644 55
517 3594 599 3644 dicam
616 3594 716 3644 nuncL
730 3595 773 3645 Pa
786 3610 799 3642 r
812 3610 843 3656 v,
862 3595 904 3644 dic
921 3595 970 3643 iam
988 3609 1053 3644 nune
1071 3592 1227 3658 Crispinus,
1245 3595 1289 3646 dic,
1304 3609 1353 3658 aye

232 3693 297 3728 nune
313 3677 482 3742 Lennepius‚
502 3679 543 3728 die
559 3678 630 3737 nsihi,
648 3680 771 3742 solitoque
790 3675 824 3742 (i)
844 3677 994 3730 Bentleius.
1024 3677 1124 3742 scripsi
1141 3679 1183 3728 die
1199 3677 1269 3736 milti,
1288 3693 1353 3726 nune

231 3764 364 3828 solitoque.
400 3758 437 3812 ef.
457 3779 499 3828 ap.
518 3761 546 3812 11
564 3763 606 3824 27,
625 3762 706 3826 Prop.
725 3761 768 3810 111
785 3762 833 3824 32,
853 3762 886 3811 55
903 3762 985 3824 Hpu,
1010 3760 1075 3810 alia.
1110 3763 1235 3826 salsoque
1252 3762 1284 3811 L.
1305 3761 1356 3814 'ne

232 3848 322 3911 decipe
335 3849 367 3911 L,
386 3863 424 3898 ms
436 3848 525 3912 decipe
537 3846 582 3897 Pa
594 3861 608 3894 r
620 3861 646 3898 v.
662 3871 694 3880 -
711 3861 738 3895 v.
751 3846 785 3896 60
801 3845 857 3896 labe
875 3845 899 3893 L
912 3844 958 3894 1²3
969 3859 983 3892 r
993 3859 1024 3907 v,
1045 3845 1102 3894 tabe
1119 3844 1213 3910 Scipio
1231 3843 1352 3896 Gentilis

233 3930 319 3996 origg.
338 3931 368 3981 in
385 3931 455 3982 thes.
475 3931 526 3981 iur.
544 3930 622 3981 Rom.
642 3930 684 3980 ed.
698 3929 763 3980 Otto
776 3929 815 3979 lv
826 3945 853 3994 p.
868 3930 933 3980 1362
947 3928 1012 3978 edit.
1025 3929 1063 3982 11.
1076 3953 1107 3964 -
1125 3944 1152 3979 v.
1165 3931 1198 3978 62
1216 3930 1278 3994 quid
1293 3930 1353 3978 milri

232 4063 256 4107 te
267 4057 368 4107 iactas?
379 4057 403 4107 L
415 4057 460 4108 Ps
472 4073 485 4106 r
497 4073 524 4120 v,
538 4056 610 4122 quod
622 4057 737 4110 correxi.
763 4013 806 4107 ssia
818 4010 887 4105 nuilla
897 4057 930 4107 L.
940 4081 973 4090 -
983 4072 1011 4110 v.
1024 4056 1057 4106 64
1069 4031 1195 4106 immemor
1204 4055 1228 4103 L
1240 4055 1285 4104 Pa
1298 4069 1311 4102 r
1323 4068 1348 4107 v.

231 4189 270 4234 est
288 4187 317 4235 et
335 4141 372 4234 aii
387 4138 432 4234 uia
443 4183 476 4233 L.
488 4210 523 4220 -
539 4199 565 4238 v.
577 4185 610 4235 65
624 4188 689 4234 ants
701 4184 774 4234 huns
785 4199 894 4235 versum
907 4183 1025 4233 fortasse
1037 4180 1139 4232 lacuna
1152 4185 1201 4232 est.
1227 4195 1351 4245 nunquam

230 4268 373 4320 LPsrv.
400 4293 429 4306 -
454 4283 479 4320 v.
497 4268 530 4317 67
552 4269 667 4333 difficilis
689 4268 795 4320 P3rV.
819 4293 853 4304 -
875 4281 901 4320 v.
920 4268 954 4318 68
976 4283 1025 4317 ora
1046 4266 1101 4315 Pa.
1125 4291 1154 4300 -
1181 4280 1208 4315 v.
1227 4265 1260 4314 69
1282 4266 1351 4330 quod

227 4354 296 4415 pede
309 4354 430 4418 processi
445 4352 478 4402 L.
