3284 5158
698 423 907 488 „87-

243 600 373 659 viveret.
410 618 447 658 ea
463 599 544 658 enim
566 599 709 658 voluntas
725 607 833 677 aperto
856 597 947 678 prodi
962 600 1036 658 mihi
1050 597 1174 660 videtur
1195 600 1242 660 his
1257 599 1361 660 verbis

242 700 447 760 Aristaeneti:
477 692 651 777 μαθήσομαι
673 692 766 776 μόνον
792 688 831 770 dg
853 695 995 776 μεμέληκέ
1017 700 1143 760 σοι’τῶν
1170 691 1360 779 γραμμάτων.

244 805 354 883 ‘eoque
382 801 467 880 igni,
502 804 604 882 pergit
633 800 897 875 adulescentulus,
934 802 1079 863 ‘liberans
1112 803 1260 878 animum,
1295 824 1360 864 non

241 905 339 982 magis
362 904 508 982 sanguini
529 924 596 963 meo
619 923 752 983 parcam,
777 923 868 984 quam
891 924 990 986 aquae
1012 905 1091 965 ultro
1113 902 1251 965 effusae!
1288 926 1361 966 nam

241 1026 306 1065 non
336 1007 397 1065 nisi
423 1006 466 1064 ita
494 1025 603 1065 sanum
630 1006 691 1065 ista
722 1003 882 1065 habebunt
915 1007 1115 1086 explicatum:
1147 1001 1199 1064 καὶ
1225 1005 1280 1064 τοῦ
1305 1005 1361 1064 σοῦ

241 1105 410 1184 πρηστῆρος
432 1098 487 1181 τὴν
509 1094 583 1183 ἐμὴν
605 1095 708 1182 ψυχὴν
728 1096 921 1166 ἀπαλλάττων
944 1127 970 1168 e.
988 1130 1018 1189 q.
1034 1129 1058 1169 s.
1087 1127 1187 1188 eaque
1203 1109 1256 1189 qui
1271 1108 1361 1168 aliter
1405 1139 1408 1145 ·

241 1210 439 1288 interpretari
460 1210 625 1270 voluerunt
645 1209 690 1268 ita
711 1208 882 1290 ineptiunt,
911 1220 946 1270 ut
966 1231 1007 1271 ne
1042 1210 1128 1287 digni
1152 1209 1277 1291 quidem
1298 1209 1361 1268 sint

243 1312 295 1391 qui
316 1311 454 1391 pluribus
477 1311 684 1371 confutentur.
693 1306 717 1388 ¹)
749 1311 824 1391 qnid
841 1311 936 1372 vero?
957 1311 1150 1372 Acontiusne
1166 1311 1250 1391 apud
1267 1310 1360 1371 Galli-

241 1413 381 1473 machnm
403 1412 490 1487 dixit,
514 1432 548 1473 sc
571 1412 643 1472 ideo
658 1410 801 1488 Athenas
823 1414 1032 1492 profecturum
1054 1433 1132 1488 esse,
1155 1422 1189 1472 ut
1211 1412 1358 1472 continuo

240 1513 284 1574 ibi
305 1514 495 1574 moreretur?
522 1514 556 1574 id
585 1535 693 1594 parum
715 1513 863 1575 credibile
893 1524 949 1576 est.
994 1535 1066 1574 nam
1088 1515 1236 1574 sciscitari
1258 1514 1359 1593 potius

240 1615 283 1675 ibi
318 1617 415 1690 vult„
442 1636 502 1696 quo
538 1616 605 1675 looo
642 1636 692 1676 res
735 1637 809 1676 suae
847 1625 966 1691 essent,
1010 1636 1115 1696 neque
1152 1615 1254 1675 adhuc
1289 1617 1358 1695 ipse

239 1715 315 1776 boni
337 1726 466 1777 eventus
495 1737 582 1796 spem
610 1719 735 1777 omnino
764 1717 892 1792 abiecit,
922 1727 956 1778 ut
984 1719 1028 1778 eis
1057 1737 1137 1799 quae
1165 1717 1359 1796 praecedunt

240 1818 358 1898 liquido
383 1819 543 1899 expressit.
581 1819 664 1899 qnod
686 1840 755 1880 cnm
776 1821 820 1879 ita
842 1821 890 1894 sit,
916 1840 995 1901 quae
1010 1821 1110 1879 iunxit
1131 1820 1236 1879 rhetor
1257 1809 1357 1894 μαθή-

240 1933 327 1994 σομαι
442 1912 625 1998 γραμμάτων
654 1929 685 1980 et
711 1911 764 1997 οὐχ
786 1904 875 1996 ἧττον
891 1967 897 1979 .
911 1967 918 1980 .
932 1966 961 1982 ..
992 1917 1131 1998 χεομένου
1154 1942 1219 1981 non
1248 1921 1356 1980 cohae-

239 2021 362 2095 rebunt,
386 2022 447 2081 nisi
469 2022 510 2081 ad
532 2021 584 2080 καί
604 2022 763 2103 supplebis
779 2033 883 2084 mente
906 2044 987 2105 qnae
1003 2025 1156 2084 festinans
1176 2023 1359 2103 epitomator

240 2123 357 2183 omisit:
380 2123 409 2184 si
429 2124 528 2182 minus
550 2133 582 2184 te
604 2124 804 2184 iurisiurandi
825 2146 990 2187 memorem
1006 2144 1190 2204 cognovero.
1234 2122 1360 2182 roriconi

239 2222 407 2303 πρηστῆρος
420 2233 549 2285 vertunt
569 2226 616 2286 illi
638 2235 701 2284 tuae
718 2231 860 2301 flammae,
884 2227 966 2308 quod
990 2247 1060 2288 esse
1080 2229 1190 2287 volunt
1211 2231 1265 2284 mei
1283 2230 1313 2284 in
1335 2235 1360 2286 te

240 2331 350 2385 amoris.
364 2321 389 2404 ²)
435 2347 491 2406 pro
520 2345 616 2386 amore
642 2336 675 2388 ut
702 2332 773 2403 ipsis
804 2329 857 2387 vel
884 2332 1002 2404 flammo
1032 2328 1116 2388 nude
1144 2335 1293 2408 ponatur,
1326 2328 1360 2388 id

239 2427 361 2488 Latinis
393 2428 525 2488 maxime
561 2429 662 2509 poetis
698 2430 928 2490 usitatissimum
961 2439 1018 2492 est.
1064 2439 1095 2496 et
1130 2429 1231 2510 potuit
1267 2431 1359 2488 etiam

241 2530 355 2609 optime
383 2551 401 2590 a
428 2531 530 2610 poetis
560 2530 621 2591 dici
652 2519 686 2588 τὸ
707 2529 767 2610 πῦρ
790 2546 860 2606 ooo,
886 2536 1002 2606 flamma
1024 2537 1078 2590 mei
1103 2539 1220 2608 arpalo
1241 2535 1356 2591 amoris.

241 2640 323 2692 certe
346 2631 516 2712 Sophocles
538 2632 673 2692 Philoct.
697 2641 764 2696 1039
787 2633 880 2693 dixit:

412 2763 439 2824 εἰ
459 2756 502 2844 μή
523 2787 550 2825 τι
573 2761 697 2845 κέντρον
718 2770 807 2825 θεῖον
828 2751 878 2845 ἦγ’
901 2756 980 2844 ὑμᾶς
1002 2762 1083 2843 ἐμοῦ.

238 2907 369 2963 divinitus
382 2907 531 2962 immissum
546 2908 601 2962 mei
613 2906 779 2962 desiderium
799 2903 1022 2982 interpretatur
1034 2903 1242 2962 Hermannns.
1271 2902 1357 2962 unde

239 3005 325 3066 licuit
341 3025 463 3086 quoque
478 2994 512 3064 ad
528 2997 582 3064 odo
597 3000 702 3084 πῦρθ)
733 3007 833 3065 minus
849 3025 923 3065 vcro
940 3013 1182 3066 consentaneum
1198 3013 1254 3078 est,
1276 3005 1357 3063 utin

161 3091 167 3106 ’
238 3107 347 3168 eadem
361 3108 518 3168 locutione
531 3111 638 3184 fulmen
653 3109 863 3182 substituatur,
880 3127 939 3168 nco
954 3115 1057 3187 potest
1070 3106 1277 3168 Callimachus
1292 3108 1356 3165 tale

239 3208 410 3269 admisisse.
456 3229 547 3290 quem
579 3213 718 3290 suspicor
744 3211 804 3270 hoc
833 3210 900 3270 loco
928 3209 1032 3289 potius
1064 3228 1249 3270 memorasse
1277 3227 1358 3266 ama·

238 3312 348 3372 toriam
367 3311 519 3371 flammam
542 3311 707 3392 Cydippae
736 3312 883 3390 πρηστῆρι
913 3319 1024 3381 ortam,
1057 3310 1091 3370 id
1120 3317 1166 3370 est
1195 3329 1235 3370 ox
1263 3310 1358 3370 oculis

238 3413 319 3474 illins
342 3415 431 3494 quasi
453 3413 582 3474 fulmina
603 3415 829 3494 spargentibus.
871 3411 1001 3474 Ovidius
1022 3412 1088 3472 XX
1110 3421 1144 3474 55
1166 3432 1213 3493 sq.
1237 3421 1265 3470 tu
1285 3414 1360 3487 focis

238 3518 290 3574 boo
320 3520 446 3592 oculique
478 3519 531 3590 tui,
566 3519 662 3591 quibus
693 3520 774 3592 ipneo
790 3516 905 3575 'cedunt
931 3517 936 3584 1
965 3519 1074 3586 sidero,
1105 3519 1165 3590 qui
1193 3517 1359 3590 flammae

238 3635 346 3676 causa
376 3619 484 3692 foere
511 3634 613 3675 meae.
664 3624 696 3676 et
724 3627 788 3681 119:
820 3624 969 3678 serventur
1000 3621 1088 3676 vultos
1119 3618 1159 3676 od
1190 3622 1290 3676 nostro
1316 3621 1358 3674 in·

237 3722 334 3777 cendio
370 3723 437 3776 noti.
487 3718 678 3778 Heliodorus
709 3719 726 3777 I
752 3728 784 3779 2:
821 3705 918 3795 ὥσπερ
953 3707 1024 3778 άπὸ
1058 3715 1269 3794 πρηστῆρος
1305 3716 1358 3792 τῆς

305 3952 326 4018 ¹)
345 3955 433 4006 Recte
455 3954 505 4004 illa
526 3953 724 4005 intellexerunt
746 3953 873 4003 Pauwius
895 3951 1063 4004 Abreschius
1081 3952 1288 4004 Boissonadius.
1319 3951 1357 4003 cf.

240 4037 324 4090 etiarn
342 4038 476 4090 Cobetum
493 4037 512 4088 l.
532 4055 555 4090 c.
573 4055 601 4103 p.
615 4040 673 4092 153.
692 4052 856 4103 quamquam
872 4037 953 4089 huius
972 4038 1094 4089 namatio
1113 4053 1167 4088 non
1185 4053 1254 4102 pura
1273 4040 1356 4102 atque

239 4126 320 4188 grata
338 4123 409 4188 fluit,
427 4123 477 4176 scd
495 4124 630 4174 conviciis
648 4123 814 4174 intermixtis
832 4123 977 4174 lutulenta.

303 4206 325 4272 ²)
338 4207 401 4260 Hoc
410 4223 490 4258 nemo
502 4208 683 4275 interpretum
695 4208 878 4275 probabiliter
891 4207 1021 4273 expediit.
1036 4207 1075 4257 cf.
1086 4205 1266 4258 Abresohium
1278 4203 1354 4256 lectt.

237 4289 379 4344 Aristaeo.
392 4309 420 4357 p.
441 4293 483 4355 51,
504 4292 638 4344 Cobetum
656 4293 675 4346 l.
695 4309 718 4343 c.
740 4309 766 4358 p.
786 4293 842 4346 153.

304 4375 326 4442 ⁸)
346 4375 390 4429 cf.
410 4376 651 4430 Schneidewinum
670 4382 698 4429 et
715 4377 871 4429 Nauckium
890 4377 925 4428 ad
942 4377 1024 4445 Soph.
1043 4376 1086 4426 El.
1105 4376 1163 4428 343.
