3284 5158
756 411 1036 494 -ac-'

303 595 371 663 αἰνιλ
391 603 444 663 τοῦ
466 601 625 680 δυστυχίαν
646 595 795 661 παύσειεν.
819 605 901 684 quod
916 603 974 683 frg.
990 604 1152 664 Heclrerus
1175 625 1283 666 comm.
1299 604 1419 665 Callim.

304 729 336 787 p.
360 715 412 769 108
433 705 471 766 ob
494 707 622 766 verbum
644 697 771 764 ἐλινύειν
801 705 852 784 (cf.
874 704 994 765 Callim.
1017 707 1050 765 in
1073 706 1142 766 Cer.
1165 714 1198 768 47
1223 715 1253 765 et
1273 707 1331 784 frg.
1355 703 1419 783 248)

306 808 492 869 Callimacho
519 807 734 888 probabiliter,
764 827 887 887 prorsus
909 808 1152 886 improbabiliter
1172 804 1350 885 Hecalae1)
1374 828 1421 867 as·

304 911 449 988 signavit.
488 918 581 989 atque
603 909 685 970 idem
708 909 821 969 Suidas
846 904 982 990 (Gallim.
1004 911 1064 988 frg.
1087 905 1169 985 302):
1193 903 1265 985 δύη,
1288 899 1308 984 ἡ
1330 928 1420 967 κακο-

305 1005 429 1087 πάθεια,
451 1003 470 1087 ἡ
488 1008 639 1088 δυστυχία,
661 1000 738 1068 ’ὅθεν
753 1006 804 1068 καλ
821 1007 937 1084 δοῦλος,
961 1000 1068 1087 δύηλός
1083 1031 1128 1082 τις
1144 1000 1202 1070 liv·
1226 1008 1412 1088 Καλλίμαχος

804 1122 881 1204 δύην
902 1118 1073 1189 νἰιιύθεσνον
1094 1117 1226 1189 ἆλύλιιοι.

304 1254 349 1311 ita
372 1252 454 1310 enim
475 1250 631 1309 Personas
655 1248 694 1309 ad
716 1249 871 1329 Tonpinm
892 1249 939 1310 IV
961 1270 991 1328 p.
1015 1256 1067 1312 489
1089 1249 1253 1332 ingeniose
1277 1250 1421 1310 emcnda-

304 1354 350 1412 vit
370 1353 551 1432 scripturam
572 1350 710 1433 codicum
732 1339 807 1426 δύην
828 1339 946 1408 ύποθέν
968 1371 984 1408 ν
1007 1339 1173 1430 (ἆσύθεσθ’
1197 1371 1216 1410 Β
1231 1371 1252 1413 v
1266 1371 1302 1426 n,
1325 1339 1420 1409 dudd'

306 1450 362 1512 ἔσθ
370 1451 405 1531 a)
420 1440 552 1527 ἀλάλκοι,
570 1452 678 1512 delens
691 1452 823 1512 simulat
834 1453 1142 1532 interpretamentum
1153 1452 1242 1514 verbi
1253 1442 1423 1512 ἆπύθεσνον

307 1576 387 1637 quae
409 1556 480 1616 libri
501 1553 623 1614 addunt
644 1543 684 1629 ἣν
710 1544 808 1624 οὐδεὶς
837 1557 937 1614 ποθεῖ.
983 1574 1167 1637 quamquam
1189 1556 1347 1635 optionem
1369 1555 1423 1614 ille

307 1657 394 1718 dedit
409 1658 490 1717 inter
511 1646 681 1714 αἰιιόθεσιον
705 1665 740 1716 et'
756 1644 929 1732 ἆπόθηνον,
946 1676 1073 1738 quorum
1088 1657 1165 1716 illud
1182 1655 1242 1717 Od.
1259 1679 1276 1734 ρ
1292 1665 1343 1722 296
1360 1665 1391 1716 ct
1405 1679 1424 1717 a

304 1760 514 1840 Lycophrona
525 1767 577 1820 540
591 1766 770 1838 usurpatum
784 1759 893 1819 merito
905 1759 1082 1841 praetulere
1092 1759 1231 1818 Naekius
1241 1757 1319 1818 Hec.
1329 1779 1360 1837 p.
1372 1767 1425 1820 250

305 1882 352 1941 sq.
377 1868 408 1920 et
421 1860 597 1920 Meinekius
615 1859 734 1919 Callim.
758 1880 789 1939 p.
805 1867 867 1923 239.
907 1868 938 1919 et
958 1859 1053 1920 habet
1074 1861 1143 1940 ipse
1167 1859 1370 1920 Callimachus
1390 1861 1423 1918 in

307 1963 377 2023 Cer.
400 1969 436 2026 48
457 1955 648 2032 πολύθεστος.
656 1956 682 2038 ²)
714 1952 771 2036 δύη
793 1952 961 2032 ἀπόθεστος
984 1962 1022 2020 δε
1045 1970 1142 2021 morte
1165 1969 1296 2040 apparet
1311 1961 1425 2022 dictum

308 2051 375 2122 κατ’
401 2050 553 2140 εύφημίαν
581 2062 655 2122 satis
678 2063 916 2142 frequentatam.
955 2072 1090 2123 ceterum
1112 2065 1139 2122 si
1162 2063 1347 2123 commodius
1370 2063 1425 2122 illa

307 2163 431 2224 attribui
453 2165 575 2245 putabis
591 2164 725 2224 Acontio
748 2166 787 2224 de
809 2165 897 2224 fatali
914 2163 1079 2244 Cydippae
1094 2165 1199 2250 morbo
1222 2167 1283 2225 iam
1303 2166 1425 2225 certiori

307 2267 399 2340 facto,
423 2286 487 2325 non
510 2265 604 2326 valde
628 2265 771 2346 equidem
786 2266 967 2327 reluctabor.
991 2267 1134 2326 sedtum
1148 2267 1337 2346 Apollinem,
1362 2287 1425 2326 non

305 2368 602 2448 Dianam-advocari
624 2368 797 2447 putaverim
820 2375 943 2428 auctore
960 2366 1073 2428 Ovidio
1091 2389 1139 2449 ep.
1155 2369 1239 2430 XXI
1256 2377 1306 2432 173
1320 2363 1424 2448 sqq.³)

391 2470 462 2538 Tali
490 2469 640 2530 Acontius
671 2489 787 2548 angore
820 2489 946 2550 pressus
980 2472 1140 2531 consilium
1174 2471 1256 2549 capit
1284 2469 1425 2530 Athenas

307 2570 534 2650 proficiscendi,
557 2580 591 2632 ut
613 2591 763 2651 praesens
786 2573 901 2632 viseret
918 2571 1102 2653 Cydippam,
1125 2574 1178 2632 vel
1200 2571 1322 2631 audiret
1343 2581 1426 2632 certe

308 2673 461 2747 cominus,
497 2674 571 2753 qnid
606 2682 713 2752 ageret
745 2675 815 2748 illa,
850 2695 923 2733 num
958 2675 1045 2734 salva
1078 2672 1179 2734 adhuc
1208 2685 1238 2734 et
1266 2674 1426 2735 incolumis

374 2857 393 2924 ¹)
412 2859 573 2911 Heckerus:
597 2861 629 2910 de
650 2859 746 2917 Theseo
764 2860 857 2909 dictum
873 2860 981 2910 videtur.
1017 2858 1066 2910 sed
1085 2860 1130 2910 cui
1148 2858 1264 2922 dictum,
1284 2873 1337 2924 quo
1354 2873 1428 2910 nexu

307 2935 427 2994 dictum?
450 2943 535 2995 simili
556 2942 604 2993 ille
628 2943 745 2994 levitate
764 2959 798 2992 ac
816 2947 955 3008 tamquam
978 2943 1128 2994 ludibunde
1153 2943 1240 2994 multa
1260 2942 1427 2995 Callimachi

307 3030 465 3096 fragmenta
478 3027 605 3079 Hecalae
624 3027 755 3091 obtrudit,
774 3043 808 3078 ne
824 3028 950 3078 indicans
964 3029 1073 3095 quidem
1086 3029 1225 3091 distincte,
1245 3028 1356 3094 qualem
1369 3029 1427 3079 ani-

306 3129 349 3164 mo
367 3113 422 3164 sibi
438 3112 595 3163 informarit
612 3125 720 3162 nexum.
741 3111 829 3163 -addit
845 3113 930 3163 idemt
955 3115 1002 3165 boc
1020 3117 1075 3165 loco
1092 3115 1232 3165 insolenter
1249 3116 1333 3164 aetion
1351 3116 1428 3179 sipni-

302 3199 424 3260 fiealioae
442 3199 534 3248 dictum
551 3204 601 3256 est,
623 3197 737 3260 fortasse
760 3204 843 3247 tumen
860 3197 954 3248 Saldae
972 3201 1051 3249 locum
1068 3213 1118 3248 non
1135 3199 1263 3248 intellexit
1278 3205 1324 3248 aut
1340 3199 1427 3248 codice

306 3285 396 3333 vinoso
413 3298 473 3333 usus
490 3291 538 3335 est.
574 3281 623 3331 sed
642 3283 768 3347 exputari
785 3282 895 3348 nequit,
915 3295 986 3347 qnae
1006 3282 1063 3332 alia
1081 3283 1169 3348 possit
1186 3283 1244 3333 sive
1262 3282 1427 3347 interpreta-

306 3367 346 3417 tio
370 3381 419 3416 seu
442 3366 579 3430 scriptura
598 3367 691 3417 statui.
727 3365 916 3417 Callimachus
934 3366 1048 3418 verbum
1067 3358 1189 3418 ἐλινύειν
1211 3365 1315 3431 duplici
1332 3365 1362 3416 vi
1381 3365 1426 3415 ad·

306 3451 430 3500 hibuisse
448 3449 559 3501 videtur
571 3449 702 3516 analogia
713 3451 792 3502 verbi
810 3443 907 3517 λήγειν
920 3452 992 3517 quod
1009 3452 1076 3501 item
1089 3456 1118 3501 et
1129 3443 1234 3502 παύειν
1246 3449 1387 3515 significat
1400 3455 1429 3501 et

307 3526 466 3586 παύεσθαι.
503 3537 585 3598 atque
605 3538 702 3584 extant
720 3534 777 3586 alia
796 3541 840 3586 sat
858 3535 947 3586 multa
965 3551 1036 3601 quae
1056 3535 1112 3586 sint
1130 3534 1243 3586 similia.

374 3616 395 3682 ²)
416 3616 634 3670 Callimacheum
653 3620 772 3671 fortasse
791 3621 843 3687 frg.
857 3623 1014 3672 continetur
1026 3621 1151 3686 Hesychi
1164 3620 1257 3686 glossa
1276 3610 1429 3680 ἄθεστος

302 3694 472 3766 Ἐριννύς.
491 3696 607 3768 culpari,
626 3690 663 3769 ἣν
676 3697 728 3770 οὐχ
746 3698 810 3757 οἷόν
826 3722 857 3758 τε
875 3698 1074 3768 ἐξιλάσασθαι.
1096 3696 1360 3770 ύθεστοςἘριννύς
1372 3708 1429 3757 olim

304 3789 375 3854 sorte
392 3791 419 3838 in
435 3791 485 3852 line
502 3805 590 3839 versus
612 3789 755 3840 teaeameat
776 3794 856 3842 locum
878 3791 965 3842 babuit
987 3791 1110 3850 Koenius
1129 3791 1164 3841 ad
1183 3789 1346 3856 Gregorium
1364 3789 1426 3842 Cor.

308 3873 350 3924 ed.
376 3872 518 3924 Schaefer.
544 3889 569 3938 p.
588 3874 648 3924 529.
682 3873 839 3926 Meinekius
863 3874 971 3927 Gallim.
995 3875 1026 3924 in
1049 3875 1111 3926 Cer.
1131 3877 1180 3928 134
1204 3867 1345 3928 ἐπίθεσιν
1364 3890 1426 3926 con·

307 3957 386 4018 iecit,
406 3954 455 4008 sed
473 3973 515 4008 me
534 3955 626 4009 indice
643 3959 734 4010 minus
751 3959 940 4024 probabiliter.

374 4039 396 4106 ³)
414 4042 505 4092 Naeki
528 4042 703 4104 coniectura,
727 4043 815 4095 verba
838 4039 914 4108 δύην
936 4035 1104 4096 αἰπόδεστον
1125 4035 1246 4098 citellum
1262 4047 1375 4110 fortasse
1393 4060 1428 4094 ecc

303 4126 424 4193 precibus
441 4126 554 4178 Hecales
568 4143 620 4192 pro
646 4128 743 4180 Theseo
756 4116 838 4192 esse,
861 4132 892 4179 nt
910 4143 1003 4180 omnes
1021 4129 1120 4193 quibus
1137 4131 1211 4180 hunc
1228 4129 1318 4181 locum
1335 4128 1427 4193 perin-

235 4201 237 4204 ’
309 4214 413 4268 certum
437 4212 581 4263 exornavit
604 4215 660 4262 tam
682 4213 758 4264 nullo
780 4213 877 4264 nititur
900 4213 1101 4279 fundamento,
1118 4218 1149 4263 ut
1171 4213 1217 4266 vix
1239 4213 1323 4264 ullam
1346 4211 1427 4262 fidem

306 4295 421 4349 habeat.
457 4310 491 4346 ao
509 4311 544 4346 ne
568 4301 686 4362 apparet
707 4298 831 4364 quidem,
856 4313 1000 4363 quemnam
1017 4299 1126 4350 Hecale
1144 4299 1229 4350 verbo
1247 4287 1366 4348 ύλεὶλιιοι
1385 4297 1427 4347 in-

309 4379 404 4431 dicare
423 4381 553 4446 potuerit.
