3284 5158
738 369 972 432 ..144-

415 563 477 602 neu
498 542 608 603 falsam
632 543 716 602 dicas
740 563 823 617 esse,
847 543 897 602 fac
918 547 987 622 ipsa
1008 543 1102 622 legat.

372 646 497 705 alterius
519 647 670 719 thalamo,
693 644 750 704 tibi
773 666 844 718 nos,
867 644 924 705 tibi
948 644 1089 718 dicimus,
1113 645 1179 704 cxil

415 747 490 826 quid
512 747 587 807 facis
609 746 682 806 hic?
716 747 782 806 cxi!
817 767 881 806 non
903 755 993 806 vacat
1014 747 1072 806 istc
1094 741 1200 825 torus]

301 858 352 911 155
376 869 446 908 nam
470 849 553 929 quod
575 849 672 909 habes
696 857 727 908 et
748 857 781 907 tu
804 849 918 926 gemini
940 847 1036 908 verba
1058 849 1155 908 altera
1177 849 1274 926 pacti,
1338 875 1343 884 ·

356 983 360 989 ·
414 971 477 1010 non
501 951 559 1010 erit
580 951 693 1010 idcirco
717 970 774 1029 par
795 958 848 1009 tua
870 970 961 1010 causa
983 969 1081 1010 meae.
1114 1005 1118 1020 ,

371 1052 449 1111 haec
469 1053 543 1111 mihi
565 1072 599 1112 se
621 1053 757 1132 pepigit,
781 1060 870 1131 pater
892 1053 972 1110 hanc
993 1051 1064 1126 tibi,
1087 1052 1202 1131 primus
1224 1050 1262 1110 ab
1285 1051 1352 1126 illa,

414 1153 469 1212 sed
492 1155 619 1234 propior
641 1161 724 1212 certe
747 1173 838 1234 quam
860 1161 950 1233 pater
970 1154 1040 1233 ipsa
1062 1153 1162 1214 sibist.

371 1256 511 1334 promisit
532 1265 622 1335 pater
643 1257 738 1333 hanc,
761 1255 839 1315 haec
862 1263 892 1314 et
913 1255 1026 1315 iuravit
1048 1256 1172 1316 amanti.

302 1365 353 1418 160
415 1356 469 1416 1111
491 1358 646 1432 homines,
669 1358 747 1416 haec
770 1366 818 1416 est
838 1358 1000 1417 testificata
1023 1357 1122 1417 dcam.

371 1459 423 1517 ille
445 1459 532 1519 timet
553 1458 703 1534 mendax,
727 1460 813 1518 timet
834 1459 912 1518 baec
934 1460 1057 1538 periura
1078 1459 1198 1518 vocari:

413 1581 486 1620 11111
508 1560 646 1635 dubitas,
669 1545 898 1621 11101111111101
920 1581 961 1620 an
983 1561 1037 1620 ille
1059 1560 1181 1621 metus?

373 1657 538 1742 [denique,
562 1672 595 1723 ut
617 1662 773 1722 amborum
796 1663 937 1722 conferre
960 1664 1098 1742 pericula
1120 1663 1235 1742 possis,

414 1765 535 1844 respice
558 1765 598 1824 ad
622 1773 767 1842 eventus:
796 1764 875 1823 haec
897 1764 1005 1838 cubat,
1026 1766 1080 1824 ille
1101 1759 1207 1843 valet]

301 1874 351 1928 165
374 1885 431 1925 nos
455 1886 577 1947 quoque
602 1866 741 1928 dissimili
764 1869 932 1926 certamina
953 1875 1056 1926 mente
1079 1866 1229 1927 subimus:

413 1987 472 2026 nec
494 1989 566 2048 spes
589 1989 645 2048 par
667 1968 756 2028 nobis
779 1989 838 2028 nec
860 1969 949 2028 timor
970 1988 1087 2049 aequus
1110 1967 1209 2028 adest.

371 2077 404 2128 tu
427 2071 507 2148 petis
532 2091 571 2130 cx
591 2079 673 2131 tuto:
704 2071 826 2148 gravior
847 2071 921 2128 mihi
943 2079 1039 2129 morte
1062 2071 1230 2149 repulsast,

413 2170 508 2250 idque
533 2191 590 2249 ego
613 2173 687 2246 iam,
713 2171 795 2252 quod
818 2179 851 2230 tu
874 2172 978 2232 forsan
1000 2171 1131 2245 amabis,
1156 2191 1234 2231 1110.

371 2272 397 2330 si
419 2270 475 2331 tibi
496 2273 647 2348 iustitiae,
671 2274 697 2332 si
719 2273 794 2332 recti
818 2293 890 2332 cura
911 2274 1034 2349 1111111,

300 2381 352 2437 170
417 2373 528 2434 cedere
552 2373 703 2434 debueras
725 2374 848 2453 ignibus
870 2376 937 2454 ipso
958 2377 1045 2436 mois.

371 2495 454 2535 nunc
477 2475 623 2556 quoniam
645 2476 728 2536 ferus
750 2477 800 2536 hic
822 2497 878 2556 pro
902 2497 995 2538 causa
1016 2485 1135 2557 pugnat
1157 2477 1278 2557 iniqua,

413 2576 453 2636 ad
478 2577 566 2658 qnid,
586 2559 754 2658 Cydippe,
778 2578 881 2638 littera
903 2587 1010 2638 nostra
1030 2577 1134 2639 redit?

369 2679 419 2738 hic
442 2680 516 2739 facit
537 2687 571 2739 ut
592 2681 695 2740 iaceas
719 2689 750 2740 ct
771 2680 813 2740 sis
836 2689 979 2760 suspecta
999 2681 1140 2740 Dianae:

412 2781 495 2841 hunc
516 2789 563 2856 tu,
588 2783 614 2842 si
636 2783 756 2862 sapias,
779 2781 874 2841 limen
898 2781 984 2841 adire
1006 2791 1104 2842 vetes.

301 2892 350 2946 175
372 2884 432 2943 hoc
454 2885 590 2944 faciente
612 2883 695 2944 subis
717 2892 780 2943 tam
802 2903 897 2942 saeva
919 2883 1057 2963 pericula
1077 2886 1171 2959 vitae,

413 2993 506 3065 atque
530 2987 648 3044 utinam
670 3005 726 3064 pro
749 2992 795 3059 te,
820 2985 872 3064 qui
894 2993 998 3044 movet
1018 2985 1082 3060 illa,
1106 2985 1213 3046 cadat!

370 3106 461 3167 quem
483 3088 509 3146 si
531 3087 702 3166 reppuleris
725 3105 798 3162 nec,
823 3106 914 3166 quem
937 3086 997 3146 dea
1019 3087 1160 3162 damnat,
1184 3088 1309 3163 amaris,

411 3197 443 3248 et
464 3196 498 3248 tu
520 3190 684 3264 continuo,
708 3197 791 3249 certe
815 3209 872 3267 ego
894 3189 999 3250 salvus
1022 3209 1085 3250 ero.

298 3323 500 3335 u——a—

365 3405 391 3443 v.
411 3390 459 3440 152
475 3391 535 3454 sace
554 3407 570 3440 1
588 3407 629 3456 pr.
648 3406 682 3440 m.
703 3389 739 3454 G,
756 3390 803 3453 fac
819 3391 864 3440 illa
882 3391 914 3439 L.
927 3417 960 3426 —
978 3405 1004 3440 v.
1024 3391 1073 3441 156
1089 3390 1255 3441 vocabulum
1273 3391 1344 3456 quod
1363 3391 1418 3441 fuit

297 3477 371 3524 inter
393 3483 419 3523 tu
443 3475 565 3524 etoerba
583 3475 712 3524 detritum
731 3475 820 3524 estin
838 3476 902 3539 Pl,
932 3475 978 3538 qui
1000 3475 1029 3524 in
1050 3477 1175 3542 margine
1198 3476 1284 3526 habet
1307 3477 1415 3528 humani.

298 3565 325 3608 tu
346 3558 424 3608 verba
446 3559 546 3608 humani
568 3561 651 3608 altera
668 3559 705 3619 L,
730 3564 757 3608 tu
778 3558 856 3609 uerba
878 3560 985 3609 bumana
1002 3562 1086 3622 altera
1103 3561 1156 3610 Pa.
1184 3561 1214 3610 in
1231 3559 1255 3610 G
1272 3561 1302 3610 hi
1319 3575 1416 3612 versus

298 3647 477 3705 evanuerunt,
496 3659 523 3695 v.
535 3642 624 3709 praef.
641 3644 734 3708 pernici
749 3643 898 3694 Merkelus.
914 3671 945 3678 -
963 3661 989 3694 v.
1004 3645 1052 3696 158
1068 3647 1193 3710 proprior
1210 3645 1309 3694 Ρ1,-
1325 3659 1351 3696 v.
1366 3646 1416 3695 159

298 3727 361 3778 hoec
377 3727 436 3791 ipra
451 3729 545 3779 iurauit
561 3727 594 3780 L.
611 3753 646 3763 -
668 3744 694 3779 v.
714 3729 760 3778 161
779 3729 820 3778 llic
836 3730 923 3780 metuit
939 3731 1051 3781 mendax
1068 3729 1145 3792 libri,
1170 3729 1269 3795 scripsi
1286 3731 1328 3780 illc
1347 3731 1416 3780 timet

523 3813 531 3845 1

297 3855 417 3904 mendax.
452 3854 530 3905 bucce
538 3857 648 3920 periura
660 3856 713 3914 Ρ1,
725 3820 772 3905 bec
784 3863 809 3905 et
817 3856 974 3920 periarch,
992 3857 1104 3906 mendac
1120 3857 1183 3906 baec
1200 3863 1227 3906 et
1240 3859 1350 3920 periura
1361 3857 1414 3910 Pa

297 3965 331 3974 -
347 3953 375 3988 v.
394 3939 442 3988 162
460 3941 612 4009 anudubitas
629 3941 688 4003 Pl,
706 3957 756 3991 non
774 3940 875 3991 dubitas
892 3941 949 4002 Pa,
973 3957 1030 3990 nam
1047 3940 1147 3990 dubitas
1164 3941 1197 3991 L.
1216 3967 1246 3976 -
1265 3955 1291 3992 v.
1311 3943 1359 3991 163
1372 3955 1414 4004 sq.

298 4023 509 4088 circumscripsi.
523 4051 555 4059 -
572 4041 599 4074 1.
613 4025 661 4075 168
673 4027 750 4090 idque
762 4041 807 4091 epo
821 4027 948 4091 quodiam
960 4032 987 4075 tu
999 4025 1032 4074 L.
1043 4049 1078 4061 -
1094 4039 1121 4075 v.
1135 4025 1302 4077 17011111111
1314 4027 1368 4076 P1.
1382 4051 1414 4062 —-

297 4167 323 4202 1.
338 4152 386 4200 172
399 4106 465 4216 add,
537 4167 590 4215 ppe
600 4151 653 4200 Pl.
663 4177 696 4186 -—
708 4167 734 4202 v.
746 4153 845 4202 175Ρ1
857 4150 958 4201 deficit.
969 4177 1001 4187 -
1010 4167 1037 4204 v.
1048 4152 1271 4203 176-17811111
1281 4153 1414 4218 suspecti.

298 4259 330 4270 ·-
349 4249 374 4285 v.
390 4237 437 4286 176
450 4238 494 4286 illa
507 4236 550 4284 Pa
569 4240 597 4285 et
616 4235 780 4300 1111111111,
798 4237 875 4285 illeL
890 4240 917 4284 et
930 4241 1068 4286 correctus
1086 4237 1118 4288 G.
1133 4265 1164 4274 -—
1181 4253 1208 4288 1.
1223 4239 1270 4288 177
1288 4239 1415 4301 repuleris

297 4319 390 4385 vulgo.
415 4322 536 4385 dampnat
553 4321 576 4369 L
590 4321 642 4370 Pa.
662 4347 693 4356 -
710 4335 738 4370 1.
758 4322 806 4371 178
824 4328 850 4370 ct
866 4322 984 4374 contiuuo
1001 4321 1032 4370 11
1048 4323 1172 4388 margine
1191 4329 1217 4372 ta
1235 4319 1361 4388 suppleto
1380 4321 1414 4372 G.
