3284 5158
728 431 960 496 -134„.

286 617 421 668 ceterum
443 608 527 666 idem
548 605 703 666 Holderus
725 605 874 665 indicavit
895 605 1087 664 Putasneum
1110 626 1173 664 non
1198 627 1266 666 esse
1289 611 1404 669 11111111

285 695 336 753 ΙΧ
357 694 410 752 111
430 694 477 761 X,
502 691 557 751 sed
580 692 682 771 potius
704 691 764 750 XI.

370 779 404 836 II
429 773 484 856 (G)
510 775 775 855 Guelferbytanus
798 783 866 834 mst.
891 784 1007 834 extrav.
1031 784 1096 850 260,
1122 797 1213 856 quem
1234 778 1403 838 Ritschelio

285 861 500 922 intercedente
534 861 593 920 huc
623 861 835 942 transmissum
863 859 979 918 contuli
1006 860 1083 938 ipse.
1124 860 1292 940 descripsit
1323 863 1404 922 hunc

287 967 411 1027 qnoque
439 945 550 1006 librum
571 944 729 1005 Merkelus
751 945 772 1003 1.
796 964 821 1003 1.
845 965 875 1022 p.
899 945 928 1004 V
951 964 994 1023 sq.
1021 945 1148 1024 eiusque
1172 946 1247 1005 folia
1269 955 1303 1007 40
1325 967 1404 1026 quae

288 1031 491 1112 sequentibus
525 1039 597 1090 sunt
624 1029 801 1108 antiquiora
829 1029 954 1088 saeculo
977 1029 1045 1088 XII
1072 1027 1195 1089 ineunti
1225 1031 1403 1108 assignavit.

286 1125 360 1176 sunt
387 1108 491 1175 tamen
521 1115 612 1174 facile
635 1115 792 1194 aliquanto
816 1115 1000 1173 recentiora.
1045 1112 1120 1172 inde
1143 1136 1161 1174 a
1183 1115 1258 1175 folio
1281 1123 1312 1177 41
1339 1111 1404 1195 (ep.

286 1201 352 1260 XX
376 1199 438 1278 175)
468 1201 622 1260 recentior
648 1199 759 1277 incipit
786 1217 893 1258 manns
923 1198 1094 1278 eademque
1118 1199 1403 1262 1111139111111-

286 1306 368 1345 mum
390 1305 512 1344 versum
536 1283 614 1362 (XX
640 1280 718 1361 112),
749 1283 797 1341 cui
825 1303 843 1341 1
865 1303 958 1341 mauu
980 1284 1084 1362 priore
1112 1303 1243 1344 vacuum
1270 1286 1404 1364 spatium

287 1371 427 1429 relictum
449 1377 529 1442 1111,
559 1367 723 1447 supplesse
745 1367 877 1428 videtur.
919 1367 1035 1427 desinit
1057 1376 1159 1427 autem
1180 1368 1231 1428 hic
1253 1369 1330 1428 liber
1354 1390 1403 1449 ep.

286 1455 370 1514 XXI
397 1475 427 1513 v.
454 1462 494 1516 12.
541 1451 655 1511 abhinc
681 1453 789 1511 folium
817 1452 958 1531 opplevit
991 1454 1145 1511 recentior
1177 1454 1268 1512 etiam
1296 1474 1404 1514 manus

288 1538 440 1598 derebus
464 1539 558 1598 sacris
582 1536 776 1596 disserendo.
822 1545 852 1595 at
874 1537 980 1609 horum
1008 1538 1192 1616 paucissima
1214 1547 1404 1617 comparent.

287 1643 381 1703 snper
409 1623 519 1703 quibus
547 1642 655 1682 manus
678 1622 793 1682 saeculi
816 1621 947 1681 11111111
969 1622 1032 1683 XV
1054 1622 1190 1701 scripsit:
1224 1625 1269 1680 bic
1290 1643 1344 1680 non
1366 1633 1406 1680 est

288 1716 360 1766 11111
381 1710 514 1767 libertis
535 1710 609 1782 quod
629 1711 669 1764 sic
699 1704 739 1785 (1)
873 1715 1040 1766 extremum
1069 1715 1172 1766 autem
1197 1707 1324 1766 verbum
1354 1729 1404 1767 ex-

287 1793 398 1872 pedire
420 1813 485 1852 uon
508 1793 604 1871 potui.
642 1800 673 1849 at
694 1792 747 1850 vel
768 1793 850 1852 iutra
871 1792 948 1850 fines
971 1811 1113 1852 versuum
1135 1791 1287 1853 indicatos
1311 1794 1406 1852 multa

287 1877 365 1937 libro
389 1878 469 1936 male
492 1876 597 1936 habito
620 1877 672 1935 vel
694 1875 818 1954 perdita
840 1884 913 1936 sunt
927 1878 979 1937 vel
993 1876 1055 1954 legi
1071 1885 1240 1956 nequeunt.
1263 1877 1328 1936 XX
1349 1888 1404 1950 113,

289 1970 340 2023 114
368 1970 399 2022 11
426 1962 548 2021 initium
571 1970 620 2022 115
644 1960 756 2020 desunt
778 1961 834 2020 foli
858 1959 918 2040 (40)
948 1981 1064 2022 summa
1092 1970 1181 2040 parte
1204 1960 1344 2035 desecta,
1373 1963 1405 2019 in

288 2045 491 2126 sequentibus
513 2046 596 2105 haud
619 2065 719 2124 pauca
735 2044 913 2105 oblitterata
928 2054 1014 2119 sunt,
1041 2054 1186 2108 155—175
1202 2046 1276 2105 folio
1294 2055 1327 2105 ut
1343 2046 1407 2104 dixi

287 2151 422 2209 superne
444 2131 551 2189 mutilo
575 2131 684 2190 ceteris
707 2129 975 2190 madoretantum
990 2151 1054 2190 non
1071 2130 1209 2190 omnibus
1227 2132 1327 2190 exesis
1343 2132 1406 2208 legi

288 2223 458 2295 nequeunt.
504 2213 619 2275 deiude
642 2215 675 2272 iu
697 2215 771 2275 11111
795 2217 941 2295 sequenti
965 2212 1026 2296 (41)
1051 2213 1134 2295 quod
1158 2224 1205 2275 est
1228 2225 1404 2290 extremum,

216 2315 218 2319 '
288 2320 355 2359 cum
378 2298 502 2379 oblique
524 2307 697 2358 truncatum
719 2300 767 2374 sit,
794 2299 915 2359 demum
937 2300 1012 2358 inde
1035 2321 1053 2360 a
1076 2320 1104 2358 1.
1121 2308 1173 2362 208
1187 2318 1330 2360 versuum
1341 2301 1407 2360 sin·

289 2385 430 2462 gulosum
458 2384 590 2443 laciniae
619 2385 652 2442 iu
681 2405 803 2444 versum
831 2386 962 2444 maiores
991 2386 1054 2462 legi
1076 2392 1215 2464 possunt.
1262 2404 1331 2445 av.
1355 2394 1408 2448 216

288 2488 386 2548 usqne
410 2468 451 2527 ad
472 2478 524 2531 239
548 2469 695 2548 expedita
716 2470 808 2529 lectio
833 2478 893 2543 est,
917 2470 950 2529 in
974 2469 1049 2529 11111
1072 2489 1162 2528 verso
1186 2470 1317 2549 paucula
1339 2478 1407 2528 tan·

144 2571 149 2580 ·
221 2621 229 2633 ,
288 2563 351 2613 tum
372 2552 469 2612 verba
492 2553 714 2631 dignoscuntur
735 2575 878 2613 versuum
900 2565 926 2628 9,
950 2565 992 2628 10,
1017 2564 1059 2628 11,
1084 2563 1117 2616 12
1139 2555 1291 2632 epistulae
1314 2555 1406 2614 XXI.

289 2647 423 2698 ceterum
449 2639 539 2698 huius
567 2637 638 2698 libri
672 2640 842 2718 scripturae
871 2640 923 2699 vel
950 2639 983 2697 iu
1020 2659 1057 2698 ea
1085 2647 1174 2718 parte
1206 2658 1296 2718 quam
1325 2641 1408 2718 prior

288 2743 396 2783 manus
419 2723 646 2784 administravit
667 2724 746 2782 tales
770 2731 856 2797 suut,
879 2735 913 2782 ut
935 2723 976 2782 ad
999 2723 1139 2784 ordinem
1157 2722 1304 2783 librorum
1318 2726 1408 2803 peius

288 2808 544 2887 interpolatorum
570 2829 669 2887 prope
698 2807 848 2867 accedere
876 2807 1029 2868 videatur.
1075 2808 1199 2868 omniuo
1221 2809 1303 2868 hunc
1325 2808 1408 2868 codi-

289 2912 355 2953 cem
378 2912 396 2950 1
418 2893 558 2952 Merkelo
580 2894 661 2952 iusto
684 2894 781 2972 pluris
804 2894 918 2951 factum
940 2892 1134 2952 crediderim.

373 2977 535 3036 Inferioris
565 2979 688 3055 generis
718 2978 908 3056 exemplaria
942 2977 1126 3037 creberrima
1159 2997 1216 3056 per
1243 2977 1408 3038 bibliothe-

289 3082 340 3121 cas
364 3061 514 3141 dissipata
535 3063 746 3121 inveniuntur.
783 3071 815 3120 at
829 3083 894 3121 nou
917 3062 983 3121 fere
1006 3063 1066 3122 nisi
1095 3063 1202 3122 erratis
1227 3061 1409 3143 quibusdam

292 3156 323 3206 et
338 3147 486 3218 coniectis
504 3145 660 3222 differunt.
689 3156 782 3226 atque
798 3148 905 3206 horum
929 3147 1011 3224 elegi
1026 3156 1170 3226 quattuor
1179 3143 1216 3224 1),
1240 3167 1320 3227 quae
1336 3148 1408 3206 uolo

290 3251 366 3292 sane
389 3231 582 3292 contendere
605 3234 715 3292 ceteris
739 3252 757 3290 1
778 3231 917 3292 bonitate
933 3233 985 3292 vel
1002 3233 1187 3312 antiquitate
1202 3233 1404 3311 praecellere.

374 3316 426 3375 III
449 3314 501 3394 (L)
525 3316 754 3376 Laurentianus
770 3318 847 3395 plut.
863 3317 992 3377 XXXV
1008 3315 1076 3376 eod.
1093 3325 1135 3390 27,
1158 3316 1409 3377 membranaceus

289 3401 387 3460 forma
402 3401 448 3462 IV
462 3401 587 3473 maiore,
612 3409 757 3462 constans
780 3401 862 3460 foliis
885 3409 928 3475 69,
952 3401 1036 3460 cuius
1059 3402 1267 3462 conlationem
1289 3400 1329 3460 ad
1344 3402 1410 3461 XX

291 3493 321 3543 et
342 3486 425 3544 XXI
447 3484 547 3544 debeo
563 3486 667 3545 Vlrico
682 3485 851 3545 Koehlero.
886 3487 1025 3545 eontinet
1046 3486 1096 3544 hic
1118 3486 1198 3546 liber
1216 3495 1341 3565 praeter
1354 3487 1408 3545 he-

289 3571 403 3628 roicum
418 3588 542 3629 carmen
558 3572 591 3627 de
605 3580 724 3643 quotuor
737 3573 970 3643 complexionibus
984 3573 1123 3628 homiuum
1135 3575 1178 3628 vel
1188 3573 1222 3629 de
1233 3573 1410 3630 medicamine

289 3657 436 3712 surdorum
455 3651 550 3714 Ovidi
573 3655 698 3714 nomine
720 3655 900 3735 inscriptum
920 3653 1066 3714 heroidas
1090 3656 1228 3734 exceptis
1244 3657 1290 3716 IV
1304 3657 1334 3716 V
1348 3656 1410 3716 XV

289 3739 436 3816 integras.
468 3740 601 3817 epistula
622 3748 726 3798 tamen
741 3741 825 3800 XXI
840 3740 914 3800 inde
930 3760 992 3798 av.
1008 3748 1026 3801 8
1048 3740 1082 3799 in
1103 3740 1208 3799 charta
1225 3740 1408 3813 recentiore,

288 3832 323 3899 ut
337 3821 442 3882 scribit
455 3823 641 3898 Kochlerus,
665 3825 763 3885 altera
785 3845 878 3884 manu
902 3833 1027 3884 exarata
1051 3833 1106 3885 est.
1140 3832 1234 3904 atque
1248 3825 1329 3884 hanc
1345 3826 1410 3904 qui·

291 3906 361 3966 dem
384 3927 452 3968 esse
475 3911 589 3970 saeculi
604 3910 675 3984 XV,
698 3911 832 3989 priorem
854 3909 969 3970 saeculi
984 3910 1064 3969 XIV
1087 3930 1126 3970 ex
1147 3909 1285 3968 Bandini
1306 3909 1410 3968 verbis

291 3993 380 4052 catal.
396 3993 431 4052 II
452 4014 483 4072 p.
494 4002 544 4058 237
557 3994 663 4054 licebit
678 3995 850 4074 conligere:
865 3998 952 4054 111111
966 4012 1040 4052 1111.
1052 3997 1137 4066 XIV,
1155 3998 1289 4070 ottquitus
1303 3999 1331 4051 tn
1346 3998 1413 4053 11111

294 4111 497 4128 -ν--·-·-’-··-

318 4205 322 4214 ·
357 4176 378 4243 1)
399 4176 531 4228 Conlatos
548 4157 686 4230 habebam
706 4179 740 4229 ad
758 4180 809 4228 XX
828 4182 856 4228 et
874 4179 939 4228 XXI
959 4180 1041 4228 1-12
1060 4179 1146 4229 etiam
1163 4178 1213 4228 hos
1231 4177 1332 4228 libros:
1356 4179 1410 4227 Pa-

290 4245 389 4296 ricinos
408 4249 474 4297 7993
498 4247 624 4310 118243,
650 4245 898 4310 Guelferbytanum
922 4246 991 4296 Gnd.
1012 4248 1073 4308 161,
1097 4245 1317 4296 Laurentianum
1340 4246 1409 4311 plut.

289 4312 406 4364 XXXVI
420 4314 480 4364 eod.
494 4315 536 4365 28,
560 4315 613 4364 111
631 4329 714 4363 unum
734 4329 927 4377 commemoro,
947 4315 1017 4398 quod
1034 4315 1085 4364 XX
1103 4317 1119 4364 3
1136 4313 1343 4364 Laurentianus
1362 4313 1411 4363 ille

289 4380 388 4430 librari
405 4382 450 4432 vel
468 4381 549 4447 lapsu
566 4380 612 4433 vel
631 4381 792 4432 coniectura
809 4382 895 4432 habet
913 4385 968 4449 qd.
988 4384 1048 4448 ipse
1068 4383 1244 4433 conieceram
1263 4384 1337 4447 quod.

385 4587 394 4615 t
