3284 5158
749 431 981 495 -126-

310 609 401 664 tndem
423 623 455 662 er
476 605 534 679 aa(
554 610 589 662 16
611 607 760 662 Blaettern
784 602 817 682 (2
832 599 1049 680 Ouotemionen)
1073 604 1116 660 die
1136 602 1286 675 satiendas
1310 606 1344 658 11
1359 601 1425 675 Ept-

310 709 378 765 stolo
400 708 584 764 voranstellte.
628 707 686 764 Van
707 708 757 781 fol.
778 713 813 764 17
834 708 870 764 ab
897 707 1037 764 entholten
1059 705 1102 760 die
1124 703 1214 760 δεξιον
1237 708 1368 761 constant
1392 707 1428 760 23

310 809 419 878 Zeilen,
446 808 505 881 auf
518 809 568 882 fol.
594 812 705 867 1-16
727 810 848 884 ἀαγνγτν
870 808 1018 866 echwanlct
1043 807 1087 863 die
1108 805 1269 862 Zeilenzahl
1288 804 1427 862 zwieohen

313 914 438 968 18-23.

398 1007 649 1070 coniecturarum
671 1020 778 1071 eontra
791 1028 919 1084 earum,
944 1029 1024 1090 quae
1048 1018 1079 1069 et
1100 1029 1224 1089 prorsus
1239 1011 1302 1068 sint
1316 1007 1427 1067 inanes

301 1119 346 1169 vet
371 1129 447 1170 vero
476 1119 617 1190 prostent
644 1113 804 1174 conlectae
832 1115 865 1172 in
887 1110 1136 1172 Boissorradiana
1165 1118 1306 1170 notarum
1334 1109 1427 1168 farra-

313 1212 403 1290 gine,
434 1211 531 1272 abisei
553 1213 681 1290 nubem,
709 1223 743 1274 ut
770 1234 928 1294 parcerem
955 1222 1018 1273 tum
1040 1212 1152 1273 chartis
1174 1220 1237 1272 tum
1259 1211 1429 1291 patientiae

312 1313 470 1372 laetorum.
514 1334 573 1374 neo
594 1317 693 1376 minus
717 1315 849 1376 eandem
872 1313 910 1378 ob
933 1334 1070 1376 caussam
1093 1314 1263 1374 omittenda
1284 1311 1358 1372 duxi
1380 1330 1430 1370 eo-

314 1413 392 1473 dicis
415 1415 603 1493 glossemata
625 1437 643 1476 a
664 1418 837 1477 recentiore
865 1437 957 1477 manu
985 1415 1189 1476 interlineas
1212 1424 1243 1474 et
1264 1415 1297 1473 in
1319 1413 1429 1492 mergi-

312 1513 404 1575 nibue
433 1516 601 1596 adscripta,
633 1538 711 1598 quae
739 1528 859 1579 tantum
886 1539 950 1578 non
979 1518 1082 1578 omnia
1105 1515 1243 1576 exhibuit
1264 1515 1430 1575 Boissena·

316 1614 393 1676 dius.
439 1616 538 1678 obiter
559 1618 642 1679 addo
665 1622 776 1681 haeee:
805 1618 899 1700 adp.
924 1629 989 1694 118,
1014 1630 1045 1682 15
1074 1613 1272 1696 προπυλαίου]
1296 1604 1356 1674 dato
1378 1613 1431 1672 τοῦ

313 1708 435 1779 κόλπον.
458 1709 637 1798 λαμβάνεται
661 1717 693 1781 δὲ
713 1717 762 1780 ἐντὶ
784 1721 842 1779 τῶν
865 1717 1056 1800 δωροδεκτῶν
1077 1706 1097 1794 ἡ
1120 1716 1204 1791 λέξις.
1235 1718 1274 1778 ad
1289 1739 1321 1798 p.
1340 1725 1432 1791 latta

313 1806 483 1899 αφειδήσα]
507 1808 623 1896 ιἰφειδῶ
645 1813 678 1880 ui
700 1812 818 1882 ἆνιλεῶ.
854 1823 902 1883 ad
924 1844 955 1902 p.
974 1832 1032 1898 131,
1056 1831 1073 1884 4
1094 1808 1130 1879 οὗ
1152 1813 1296 1897 μόλιβδον
1320 1852 1356 1862 -
1381 1805 1431 1895 ἆρ-

313 1913 410 2003 γύρῳ]
434 1913 489 1999 ὅρα
512 1920 592 2001 ῥῆμα
615 1914 767 2001 εὐπρεπές.
797 1934 930 1985 ceterum
953 1933 1057 1984 auctor
1078 1925 1205 1984 istorum
1219 1942 1290 1982 usus
1308 1929 1355 1981 est
1369 1920 1432 1980 He·

314 2023 432 2102 syehio.
463 2023 515 2083 ubi
534 2027 616 2084 enim
632 2026 761 2087 adnotat
776 2025 815 2086 ed
831 2049 862 2106 p.
880 2036 938 2100 129,
956 2039 989 2090 15
1012 2020 1262 2104 ἐγκεκολαμμένα]
1285 2014 1433 2082 noiomo.

314 2113 347 2181 τό
370 2117 490 2182 stosze
512 2113 533 2200 ἢ
554 2119 665 2186 nitito
685 2117 758 2204 πρὸς
781 2123 815 2186 τὰ
836 2120 966 2205 γόνατα,
990 2127 1130 2188 adhibuit
1153 2125 1354 2208 depravatam
1369 2123 1433 2184 He·

315 2224 403 2305 syehi
418 2225 552 2302 glossam
567 2221 716 2288 κολάπτει.
748 2223 861 2288 κλώθει
875 2218 950 2308 πρὸς
964 2227 1007 2312 τῷ
1021 2221 1135 2308 γόνατι,
1156 2217 1178 2304 ἢ
1191 2221 1307 2306 γλύφει.
1339 2235 1431 2306 etym.

317 2325 399 2387 Gud·
422 2333 535 2405 11334,
559 2339 609 2394 53:
633 2322 786 2408 noiomo,
808 2322 915 2410 γλύφει
936 2317 957 2406 ἢ
979 2325 1105 2390 κλύνθει
1128 2318 1202 2409 πρὸς
1223 2329 1267 2411 τῷ
1287 2321 1400 2408 γόνατι.
