3254 5158
793 401 986 465 „2-

333 560 372 622 tis
396 565 547 644 ampullis.
577 577 681 630 tantus
703 573 735 630 in
758 573 811 632 tali
832 595 866 634 re
882 597 1049 641 consensus
1065 602 1104 642 ex
1119 603 1179 664 quo
1195 593 1345 650 communi
1360 593 1446 653 fonte

333 664 454 726 fluxerit
468 674 520 726 tuo
536 669 602 729 iure
624 673 857 753 circumspicies.
881 699 940 738 nec
954 680 1039 760 locus
1055 684 1142 745 datur
1158 686 1350 752 dubitationi.
1374 715 1446 752 nam

333 787 399 826 cum
422 778 530 848 agatur
553 780 584 831 et
607 772 646 832 dc
670 794 706 832 co
730 776 859 860 iudicio,
889 782 971 861 quod
994 784 1222 850 Alexandrinos
1251 803 1360 871 poetas
1384 796 1445 854 cle-

331 869 401 946 giac
417 871 548 931 cultores
573 873 682 934 deceat
706 879 902 967 qnam-*quod*
916 873 1069 971 ''meinimm
1095 891 1180 950 etde
1197 894 1240 952 eis
1256 896 1445 973 potissimum

330 972 445 1048 poetis,
476 974 527 1052 qui
556 984 657 1034 aetate
679 975 903 1041 Alexandrinis*
922 976 1051 1045 'omnino
1081 990 1202 1052 intenta
1231 995 1445 1057 studiosissimi
1502 1035 1505 1040 ·

330 1070 445 1131 fuerint
466 1073 700 1136 Alexandrinae
723 1082 841 1157 poesis,
873 1080 967 1143 errori
989 1087 1042 1145 vix
1065 1088 1191 1152 obnoxii
1215 1098 1324 1157 erimus
1346 1100 1445 1159 locum

329 1172 413 1231 illum
428 1193 618 1235 communem
633 1179 673 1237 sd
690 1180 842 1257 elegiacos
857 1183 1088 1247 Alexandrinos
1111 1194 1293 1257 referentes.
1327 1221 1363 1260 ac
1379 1202 1444 1280 plu·

327 1273 433 1332 rimum
454 1275 513 1335 hac
533 1277 616 1337 inre
640 1282 851 1342 auctoritatem
872 1284 1007 1344 valuisse
1024 1287 1270 1364 Callimachi,
1295 1302 1444 1361 cuiusce-

327 1374 508 1437 leberrimae
537 1388 609 1440 sunt
640 1383 823 1442 minutorum
856 1385 1001 1446 librorum
1032 1389 1155 1464 laudes,
1191 1413 1254 1451 non
1283 1415 1375 1454 unam
1404 1399 1442 1457 ob

327 1497 465 1538 caussam
486 1482 553 1540 veri
574 1482 698 1544 videtur
719 1486 911 1548 simillimum.

410 1582 545 1643 Homero
562 1588 731 1665 opponitur
746 1587 951 1652 Callimachus
974 1594 1025 1652 vel
1047 1593 1127 1655 solus
1143 1597 1195 1656 vel
1210 1597 1318 1658 comite
1334 1598 1441 1659 addito

325 1681 449 1741 Philota
471 1704 538 1743 cum
559 1687 591 1743 in
615 1688 753 1748 versibus
777 1690 872 1752 Ovidi
895 1694 984 1753 modo
1009 1699 1174 1774 appositis,
1204 1707 1267 1757 tum
1290 1702 1441 1777 Properti,

331 1785 426 1839 Vmbri
439 1785 611 1855 Callimachi,
636 1788 753 1847 duobus
776 1792 861 1850 locis.
880 1815 1019 1870 1qnorum
1041 1777 1119 1852 alter
1142 1803 1188 1852 est
1202 1798 1249 1855 IV
1263 1806 1289 1868 9,
1305 1803 1340 1855 35
1355 1817 1435 1874 sqq.‚

324 1880 376 1940 ubi
398 1903 427 1941 v.
449 1891 562 1946 37—42
584 1886 721 1946 Thebais
752 1891 869 1966 cyclica
892 1899 922 1949 et
943 1892 1018 1950 Ilias
1048 1900 1203 1952 notantur.
1248 1895 1440 1975 Propertium

324 1984 406 2044 enim
428 1986 635 2063 praceuntibus
652 1987 774 2046 Callino
788 1983 813 2065 ¹)
837 1991 968 2070 aliisque
980 1991 1150 2054 Thebaidis
1167 2015 1290 2054 carmen
1313 1998 1353 2056 ad
1376 2000 1440 2057 Ho-

323 2104 437 2144 merum
465 2087 634 2160 rettulisse,
664 2089 799 2166 conlegit
826 2091 886 2150 iam
907 2092 1090 2154 Wclckerus
1114 2115 1164 2174 ep.
1189 2099 1266 2175 cycl.
1290 2100 1306 2157 Ι
1334 2119 1365 2177 p.
1388 2109 1440 2160 202

324 2206 362 2244 cx
391 2186 484 2266 Prop.
513 2189 530 2246 I
557 2197 573 2252 b
602 2185 703 2267 init.²)
750 2179 860 2250 eedem
892 2191 1007 2252 deinde
1040 2195 1166 2255 Homeri
1197 2198 1439 2280 Callimachique

324 2354 526 2362 ——.--.---

390 2451 409 2516 1)
430 2454 466 2504 cf.
480 2455 562 2507 Paus.
575 2457 614 2506 IX
627 2459 656 2519 9,
670 2461 697 2520 3,
720 2457 768 2507 ubi
787 2459 858 2523 quod
875 2460 979 2526 legitur
997 2479 1095 2514 nomen
1112 2465 1259 2526 Καλαῖνος
1277 2459 1438 2533 Sylburgius

321 2539 439 2588 correxit
451 2539 600 2600 Καλλῖνος.
637 2541 831 2593 Ruhnkenium
844 2544 1011 2598 Callimachi
1029 2565 1128 2600 nomen
1141 2553 1285 2603 restituere
1299 2553 1438 2604 volentem

320 2622 452 2687 gravibus
465 2626 633 2689 argumentis
647 2627 774 2677 confutat
785 2629 950 2681 Wclckerus
964 2648 1006 2698 ep.
1021 2634 1088 2700 cycl.
1102 2636 1116 2684 I
1128 2651 1154 2699 p.
1170 2638 1218 2686 198
1231 2651 1290 2700 sqq.
1304 2637 1337 2685 de
1352 2636 1436 2686 alter-

254 2763 256 2769 y
319 2712 380 2758 utro
396 2709 580 2774 peripatetico
599 2710 708 2760 Callinc
730 2713 907 2777 cogitandum
928 2717 1046 2780 putabat
1062 2717 1220 2768 Franckius
1236 2719 1336 2770 Callin.
1354 2736 1381 2785 p.
1395 2723 1436 2772 25.

321 2793 358 2845 cf.
371 2793 492 2848 Nitzsch.
507 2793 694 2861 Sagenpoesie
706 2814 733 2862 p.
746 2801 788 2848 57.
801 2798 989 2864 Sengebusch.
1003 2802 1112 2852 dissert.
1125 2803 1205 2852 Hom.
1220 2805 1233 2853 Ι
1246 2821 1272 2867 p.
1282 2805 1324 2854 45.
1337 2805 1365 2854 II
1375 2821 1400 2868 p.
1411 2807 1436 2851 9.

386 2894 408 2960 ²)
426 2897 500 2947 Huic
517 2897 677 2949 testimonio
695 2898 813 2950 alterum
829 2900 941 2965 mallem
960 2903 1114 2952 addidisset
1130 2902 1219 2953 locum
1233 2918 1317 2969 supra
1331 2904 1436 2952 adhibi-

319 2985 386 3044 tum,
400 2982 620 3046 quam11133b‚
634 2986 731 3048 37sqq.
751 2984 857 3048 quodsi
871 2986 994 3048 fecisset,
1008 3002 1061 3036 non
1074 2987 1260 3036 dubitaturum
1274 2987 1359 3036 fuisse
1372 2991 1437 3050 puto

319 3065 489 3116 Nitzschium
501 3065 690 3130 Sagenpoesic
702 3084 728 3130 p.
742 3069 800 3118 355.
819 3069 921 3116 etenim
940 3085 1000 3118 cum
1014 3074 1102 3118 totum
1114 3069 1166 3118 hoc
1179 3081 1291 3116 carmen
1303 3069 1367 3116 inde
1381 3084 1398 3114 a
1410 3083 1435 3117 v.

318 3151 361 3214 23,
375 3165 393 3198 a
405 3164 458 3214 quo
471 3163 570 3199 novum
582 3148 650 3197 mihi
662 3149 771 3198 videtur
783 3149 895 3198 carmen
907 3150 1045 3212 incipere,
1065 3150 1145 3198 varia
1157 3148 1365 3212 perturbatione
1378 3163 1435 3196 ma-

318 3233 390 3281 xime
411 3230 625 3296 interpolatione
647 3233 746 3281 misere
768 3231 952 3280 deformatum
974 3233 1025 3294 sit,
1048 3236 1104 3281 turn
1120 3231 1145 3280 is
1162 3231 1336 3295 potissimum
1358 3231 1435 3292 locus

319 3331 398 3380 quem
410 3313 576 3365 Welckcrus
589 3331 666 3366 suam
678 3315 707 3363 in
720 3331 777 3365 rem
790 3315 917 3365 adhibuit
929 3315 970 3365 ita
983 3319 1026 3364 est
1038 3315 1178 3379 confusus,
1191 3315 1237 3364 vix
1249 3318 1280 3363 ut
1292 3315 1356 3364 inde
1370 3331 1435 3365 con·

318 3398 418 3450 sultum
430 3399 467 3450 sit
478 3399 536 3450 tale
550 3401 615 3465 quid
628 3400 784 3466 conligere,
798 3399 869 3464 quod
881 3401 999 3463 positum
1012 3400 1051 3448 sit
1063 3401 1091 3448 in
1104 3397 1214 3463 prodita
1226 3413 1354 3449 versuum
1368 3414 1433 3450 con-

317 3485 457 3536 tinuitate.
480 3489 510 3535 at
523 3500 569 3536 eos
581 3489 675 3535 tamen
687 3500 798 3548 versus,
818 3484 916 3547 quibus
929 3498 1014 3547 supra
1025 3499 1087 3533 mox
1099 3488 1176 3548 utor,
1195 3497 1249 3534 non
1262 3483 1374 3534 invenio
1387 3500 1435 3534 cur

319 3573 424 3620 temere
437 3569 571 3620 conflatos
582 3574 684 3634 putem.
706 3573 737 3618 ut
749 3573 841 3619 autem
854 3583 871 3616 a
883 3570 948 3618 v.23
960 3583 1059 3620 novum
1072 3568 1164 3618 dicam
1177 3583 1288 3620 carmen
1300 3569 1432 3636 incipere,

318 3655 371 3705 hoc
384 3671 427 3706 me
440 3659 546 3720 movet,
566 3654 636 3719 quod
650 3658 678 3704 et
690 3654 800 3704 diversa
817 3667 928 3718 prorsus
940 3653 1006 3702 hinc
1025 3652 1155 3702 materies
1168 3652 1272 3702 orditur
1289 3658 1355 3705 etv.
1368 3657 1433 3705 23-

318 3742 351 3791 27
365 3740 477 3806 egregie
497 3740 556 3805 apti
574 3743 638 3789 sunt
656 3738 787 3788 carminis
805 3737 929 3800 exordio,
948 3753 1000 3804 quo
1020 3741 1096 3786 amnt
1107 3737 1266 3803 Propertius
1280 3741 1435 3805 argumenti

319 3841 450 3876 summam
466 3824 559 3876 vivide
572 3823 812 3888 comprehendere.
839 3837 887 3888 pro
904 3825 952 3873 sed
961 3858 1064 3876 ......
1074 3824 1150 3885 fallet
1163 3827 1254 3872 autem
1267 3824 1313 3874 vix
1325 3825 1433 3875 dubita·

319 3911 404 3962 verim
423 3909 598 3961 scribendum
617 3924 677 3960 esse
695 3910 732 3958 sic
751 3949 756 3960 .
772 3949 777 3960 .
793 3949 798 3960 .
813 3950 819 3960 .
834 3948 840 3961 .
854 3949 860 3960 .
875 3909 959 3970 foliot.
985 3909 1067 3971 Prop.
1086 3907 1124 3958 IV
1144 3908 1189 3970 15,
1208 3909 1235 3956 1:
1260 3907 1304 3959 Sic
1321 3927 1368 3974 epo
1384 3925 1433 3957 non

270 3999 274 4007 '
317 3998 382 4046 ullos
399 3998 448 4044 iam
465 3996 546 4046 norim
562 3995 588 4044 in
606 4009 690 4044 amore
708 3995 833 4044 tumultus.
854 3992 890 4044 cf.
904 3991 1006 4042 Tibull.
1026 3993 1128 4055 14,1‚
1146 3992 1213 4042 Hor.
1232 4007 1314 4042 carm.
1331 3993 1345 4040 1
1363 3993 1392 4053 3,
1407 3993 1431 4040 1.

319 4096 353 4130 ac
365 4079 483 4130 voculae
494 4081 533 4129 sic
545 4083 572 4128 et
583 4079 631 4129 sed
646 4079 726 4129 initio
738 4077 908 4144 potissimum
920 4091 1016 4128 versus
1029 4078 1154 4143 quotiens
1168 4078 1202 4127 ob
1215 4090 1345 4127 summam
1357 4075 1433 4124 simi—

318 4164 462 4214 litudinem
479 4164 509 4212 in
526 4162 667 4213 codicibus
689 4163 763 4212 inter
779 4179 809 4214 se
828 4163 1045 4227 confundantur,
1067 4166 1166 4212 norunt
1182 4159 1275 4224 periti.
1311 4162 1432 4208 ceterum

317 4264 371 4299 non
383 4249 491 4312 nescio,
511 4247 608 4312 quibus
620 4263 729 4314 possem
741 4246 873 4313 exemplis
885 4247 938 4297 hoc
951 4248 1035 4298 etiam
1049 4248 1189 4298 exordium
1200 4244 1249 4292 sed
1256 4277 1351 4295 ......
1358 4244 1433 4305 fallet

317 4332 412 4385 tutari.
437 4337 466 4382 at
477 4337 604 4396 praestat
615 4337 709 4384 tamen
720 4333 794 4399 prior
806 4333 885 4382 ratio.
