3254 5158
729 441 1045 523 ..64..¹

430 632 586 674 sacravere
608 631 706 687 senes,
731 619 896 688 templisque
919 617 1057 672 accedere
1079 617 1170 672 dotem

431 719 508 774 banc
529 720 640 774 iussere
662 719 740 773 meis.
778 718 868 773 medio
891 719 961 773 nitet
982 718 1070 772 arbor
1092 719 1121 772 in
1144 734 1214 774 arao

430 819 516 892 falna
538 836 662 886 comam,
683 818 765 891 fabro
787 820 876 874 ramis
897 821 1105 891 crepitantibus
1126 836 1208 875 auro.

431 923 498 978 bine
520 923 578 976 tria
598 921 677 992 forte
696 935 758 976 mea
781 923 896 977 ueniens
919 923 1056 992 decerpta
1076 919 1207 992 ferebam

429 1038 521 1079 aurea
539 1039 629 1093 poma
651 1039 753 1092 mann,
776 1023 902 1093 nullique
923 1023 1043 1079 videnda
1066 1024 1123 1078 nisi
1142 1023 1200 1093 ipsi

432 1125 629 1196 Hippomenen
652 1125 712 1180 adii
731 1125 884 1195 docaiqae,
908 1125 972 1194 qais
990 1139 1060 1201 aras
1081 1125 1110 1179 in
1132 1125 1197 1180 iltis.
1256 1167 1257 1170 τ

363 1259 422 1316 leta
454 1276 528 1315 vero
561 1257 753 1316 Aristaencti
781 1255 876 1315 verba
908 1258 935 1316 si
968 1257 1135 1316 accuratius
1166 1256 1393 1317 considerasset

278 1357 453 1432 Iacobsins.‚
479 1357 517 1417 de
540 1357 690 1418 Nicandri
712 1357 851 1417 versibus
872 1358 988 1417 Athen.
1011 1357 1063 1418 III
1085 1379 1115 1438 p.
1138 1367 1204 1420 Sta

431 1465 525 1552 αὐτίχ’
550 1464 595 1553 ὅγ’
621 1463 641 1550 ἢ
664 1465 822 1547 Σιδόεντος
843 1463 878 1551 ἠὲ·
901 1474 1045 1534 Πλείστου
1066 1465 1125 1534 ἀπὸ
1146 1466 1252 1551 κήπων

429 1577 508 1653 μῆλα
529 1568 630 1653 ταμών
653 1570 931 1654 protoseminarii
954 1569 1125 1652 ἐνεμάσσετο
1148 1570 1271 1653 Κάδμον

277 1733 340 1771 non
363 1715 514 1793 potuisset
535 1713 612 1773 haec
627 1712 760 1773 scribere
780 1713 935 1772 animadv.
952 1712 992 1772 ad
1008 1715 1092 1773 anth.
1111 1713 1307 1793 Gr.VI11p.
1324 1720 1391 1776 203:

278 1817 322 1872 De
337 1818 456 1874 Acontio
471 1819 581 1873 ridetur
596 1820 657 1890 api,
679 1819 730 1889 qni
749 1818 788 1873 ad
801 1818 997 1889 decipiendam
1013 1817 1161 1889 Cydippen
1178 1816 1302 1890 Cydonio
1317 1819 1391 1874 malo

276 1933 347 1974 osas
378 1933 439 1974 esse
467 1919 573 1974 dicitnr
600 1935 649 1989 ap.
677 1919 848 1974 Aristaenet.
876 1918 896 1974 I
917 1922 952 1974 lb
969 1936 1002 1989 p.
1030 1923 1073 1976 23.
1104 1936 1165 1995 qua
1192 1917 1224 1974 in
1247 1917 1391 2000 revsequi

277 2015 400 2075 videtur
427 2016 649 2075 Mellmannum
679 2017 718 2076 de
749 2036 848 2076 causa.
879 2025 910 2075 et
939 2017 1085 2077 auctorib.
1114 2018 1323 2077 narrationum
1352 2018 1390 2076 de

277 2117 399 2175 mutatis
423 2116 528 2175 formis
551 2137 582 2196 p.
605 2124 649 2178 79.
683 2126 714 2178 at
736 2118 932 2196 acquiescere
955 2118 1004 2176 hic
1028 2116 1162 2177 debebat
1183 2120 1217 2177 in
1240 2139 1277 2177 ea
1300 2138 1391 2198 quam

277 2218 409 2296 priorem
427 2219 540 2297 posuit
569 2220 758 2291 coniectura,
797 2218 928 2297 probata
961 2240 1043 2278 nunc
1071 2239 1089 2277 a
1117 2205 1390 2302 Schneidero'Ni-

277 2318 381 2377 candr.
411 2340 442 2398 p.
465 2328 499 2382 58
521 2340 584 2398 sq..
614 2319 666 2378 ubi
689 2319 839 2379 Nicandri
868 2322 1072 2398 fragmentum
1103 2321 1144 2379 ad
1172 2322 1388 2380 Hermocharis

278 2428 308 2478 et
325 2419 484 2498 Otesyllae
507 2421 641 2480 fabulam
664 2422 804 2480 refertur.
837 2441 1021 2501 quamquam
1042 2442 1082 2481 ne
1099 2422 1307 2482 Schneiderus
1324 2423 1389 2502 qni-

277 2513 360 2579 dem‘
375 2530 457 2580 recte
487 2521 626 2600 expediit
658 2541 725 2580 eam
755 2522 981 2597 difficultatem,
1011 2543 1091 2604 quae
1113 2525 1335 2602 Mellmannum
1356 2533 1389 2582 ut

276 2641 372 2700 prave
392 2626 543 2682 statueret
566 2623 709 2697 adduxit,
735 2623 835 2704 quod,
864 2626 891 2684 si
914 2624 1039 2705 quidem
1060 2625 1284 2686 Hermochares
1308 2634 1390 2684 esset

275 2723 513 2802 intelligendus,
543 2745 602 2804 quo
631 2735 721 2804 pacto
751 2726 790 2785 de
815 2746 851 2785 eo
876 2726 936 2785 dici
958 2736 1064 2806 posset
1086 2715 1106 2802 ol
1128 2719 1332 2797 Σιδόεντος
1354 2717 1390 2800 ἠὲ

276 2825 310 2880 H
316 2823 463 2904 λείοτοο
490 2814 550 2884 a’aro¹
572 2817 679 2899 κήπων
708 2828 786 2902 μῆλα
808 2821 927 2909 τομῶν,
960 2849 1025 2888 non
1048 2828 1140 2887 facile
1162 2837 1297 2908 pateret,
1323 2850 1390 2888 cum

274 2926 435 2986 Nicander
463 2929 495 2985 in
525 2927 599 2987 Oea
631 2929 733 2988 insula
764 2949 829 2988 rem
861 2939 960 2988 actam
993 2949 1135 2990 narrasse
1164 2930 1388 3009 perhiberetur.

276 3048 355 3109 quae
377 3036 411 3087 ut
432 3028 634 3106 probabiliter
656 3031 836 3090 conciliaret
859 3029 1081 3105 Schneiderus,
1112 3039 1203 3092 utens
1227 3033 1387 3094 Strabonis

274 3129 377 3190 verbis
416 3129 462 3208 (X
489 3151 520 3209 p.
542 3129 613 3209 486)
651 3122 671 3207 ἡ
707 3123 874 3212 πανήγυρις
911 3125 1070 3209 ἕμποριττόν
1106 3154 1134 3191 τι
1170 3126 1293 3213 πρᾶγμά
1329 3119 1387 3193 ἔστι

276 3240 438 3311 emptum
465 3232 667 3292 Hermoehari
695 3254 818 3312 pomum
845 3253 914 3294 esee
942 3237 1056 3295 statuit.
1100 3255 1167 3294 nam
1199 3231 1303 3311 captiv
1331 3257 1387 3296 non

273 3337 445 3408 ianpendam
468 3353 531 3393 cnm
553 3323 613 3393 bret
636 3327 740 3410 κήπων
762 3341 813 3394 sed
833 3355 897 3394 cam
920 3331 1134 3415 ἐνεμάσσετοῑ).
1156 3338 1213 3398 sed
1229 3341 1386 3418 aliquanto

274 3434 440 3514 simplicius
463 3444 537 3514 puto
561 3445 654 3516 atque
676 3437 777 3515 aptius
799 3457 885 3497 suam
905 3438 1063 3498 Nicander
1084 3441 1217 3499 instituit
1239 3441 1386 3500 narratio-

274 3554 354 3594 nem.
398 3554 470 3593 nam
491 3537 629 3616 profecto
653 3537 731 3612 μῆλα
753 3525 773 3614 ἢ
795 3531 952 3613 Σιδόεντος
974 3529 1009 3615 ἠὲ
1035 3539 1178 3599 Πλείστου
1200 3531 1260 3601 einb
1282 3534 1387 3619 κήπων

343 3705 362 3769 ¹)
380 3707 462 3756 Hanc
474 3706 731 3771 interpretationem
740 3710 787 3759 vix
800 3709 921 3758 admittit
933 3709 1110 3774 participium
1123 3711 1234 3761 aoristi:
1247 3705 1344 3778 captiv
1354 3739 1385 3747 -

273 3782 451 3856 ἐνεμάσσετο.
486 3797 633 3856 praeterea
651 3808 685 3842 ea
704 3794 839 3844 enuntiati
858 3799 900 3844 est
917 3795 1002 3852 ratio,
1021 3799 1051 3844 ut
1068 3809 1121 3844 nec
1140 3797 1169 3844 in
1188 3797 1229 3846 eis
1247 3812 1319 3861 quae
1338 3812 1385 3847 an-

272 3877 439 3926 tecedebant
457 3892 546 3942 neque
559 3879 587 3927 in
601 3879 642 3928 eis
655 3894 726 3943 quae
739 3879 924 3944 sequebantur
936 3880 1056 3929 indicari
1072 3881 1201 3945 potuerit,
1219 3883 1275 3931 ista
1294 3886 1385 3946 empta

274 3975 334 4010 esse
345 3961 427 4010 mala.
455 3966 575 4012 ceterum
585 3961 699 4013 mirifice
708 3963 802 4030 lapsus
815 3968 857 4013 est
865 3965 894 4013 in
903 3965 1132 4029 interpretatione
1144 3964 1224 4014 huius
1237 3965 1385 4031 fragmenti

271 4045 465 4096 Boetticherus
489 4047 671 4098 Banmlrultns
694 4065 720 4113 p.
744 4051 806 4101 473:
841 4051 924 4099 Dass
951 4051 1002 4099 die
1026 4049 1193 4100 Tbebaner
1217 4051 1284 4100 sicb
1307 4051 1385 4098 ancb

271 4134 324 4181 mit
346 4131 443 4181 Recbt
469 4133 525 4182 des
547 4131 697 4183 Besitzes
722 4150 779 4194 aon
802 4133 899 4184 Sidus
925 4135 1071 4184 raebmen
1096 4135 1236 4186 leonnten
1259 4134 1385 4198 sprccben

270 4217 337 4266 aaut
353 4218 395 4267 die
417 4217 508 4266 Worte
526 4219 572 4267 deo
594 4217 727 4267 Nilrander
744 4235 804 4268 aas:
826 4219 951 4269 Alsobald
971 4221 1065 4270 scbnitt
1086 4237 1116 4270 er
1134 4238 1182 4271 oon
1206 4221 1255 4270 den
1274 4218 1385 4268 Gaerten

271 4317 301 4350 za
320 4299 397 4352 Sidae
415 4303 478 4351 oder
495 4303 606 4351 Pleistos
623 4305 664 4352 die
682 4302 779 4366 Aepsel
795 4305 838 4351 neit
854 4305 985 4354 sclaenem
1006 4305 1099 4370 Pslaom
1117 4307 1169 4354 and
1190 4304 1316 4354 stclrlrte
1337 4304 1385 4353 sie

270 4387 300 4434 in
320 4387 369 4436 die
388 4386 511 4451 Spnren
530 4389 583 4436 des
601 4387 746 4438 Kadmos.
