<?xml version="1.0" encoding="UTF-8"?>
<!DOCTYPE html PUBLIC "-//W3C//DTD XHTML 1.0 Transitional//EN"
    "http://www.w3.org/TR/xhtml1/DTD/xhtml1-transitional.dtd">
<html xmlns="http://www.w3.org/1999/xhtml" xml:lang="en" lang="en">
 <head>
  <title>
</title>
<meta http-equiv="Content-Type" content="text/html;charset=utf-8" />
  <meta name='ocr-system' content='tesseract 3.04.00' />
  <meta name='ocr-capabilities' content='ocr_page ocr_carea ocr_par ocr_line ocrx_word'/>
</head>
<body>
  <div class='ocr_page' id='page_1' title='image "./decallimachicyd00diltgoog_0059.png"; bbox 0 0 3254 5158; ppageno 0'>
   <div class='ocr_carea' id='block_1_1' title="bbox 787 422 993 486">
    <p class='ocr_par' dir='ltr' id='par_1_1' title="bbox 787 422 993 486">
     <span class='ocr_line' id='line_1_1' title="bbox 787 422 993 486; baseline 0.005 -18"><span class='ocrx_word' id='word_1_1' title='bbox 787 422 993 486; x_wconf 74' lang='grc'>-44-</span> 
     </span>
    </p>
   </div>
   <div class='ocr_carea' id='block_1_2' title="bbox 225 574 1508 1896">
    <p class='ocr_par' dir='ltr' id='par_1_2' title="bbox 225 574 1508 1896">
     <span class='ocr_line' id='line_1_2' title="bbox 333 574 1447 676; baseline -0.004 -20"><span class='ocrx_word' id='word_1_2' title='bbox 333 585 415 676; x_wconf 75' lang='grc' dir='ltr'><em>ἱερὸν</em></span> <span class='ocrx_word' id='word_1_3' title='bbox 436 584 458 671; x_wconf 72' lang='grc' dir='ltr'><strong><em>ἦ</em></strong></span> <span class='ocrx_word' id='word_1_4' title='bbox 478 581 728 676; x_wconf 68' lang='grc' dir='ltr'><em>ἅμαλμαἜροτος</em></span> <span class='ocrx_word' id='word_1_5' title='bbox 751 586 824 668; x_wconf 74' lang='lat' dir='ltr'><strong>alde,</strong></span> <span class='ocrx_word' id='word_1_6' title='bbox 847 574 1001 672; x_wconf 76' lang='grc' dir='ltr'><em>κατεγέλα,</em></span> <span class='ocrx_word' id='word_1_7' title='bbox 1022 582 1170 669; x_wconf 81' lang='grc' dir='ltr'><em>ἆπίφαινὲ</em></span> <span class='ocrx_word' id='word_1_8' title='bbox 1190 613 1220 651; x_wconf 87' lang='grc' dir='ltr'><em>τε</em></span> <span class='ocrx_word' id='word_1_9' title='bbox 1242 581 1447 671; x_wconf 78' lang='grc' dir='ltr'><em>ἕαυτόυἝρα-</em></span> 
     </span>
     <span class='ocr_line' id='line_1_3' title="bbox 225 681 1449 776; baseline -0.006 -17"><span class='ocrx_word' id='word_1_10' title='bbox 225 755 227 759; x_wconf 91' lang='grc'>.</span> <span class='ocrx_word' id='word_1_11' title='bbox 334 718 383 770; x_wconf 86' lang='grc' dir='ltr'><strong>τος</strong></span> <span class='ocrx_word' id='word_1_12' title='bbox 397 685 508 768; x_wconf 77' lang='grc' dir='ltr'><em>παντὸς</em></span> <span class='ocrx_word' id='word_1_13' title='bbox 522 695 678 756; x_wconf 75' lang='grc' dir='ltr'><em>καλλίονα·</em></span> <span class='ocrx_word' id='word_1_14' title='bbox 695 692 744 754; x_wconf 83' lang='grc' dir='ltr'><em>καὶ</em></span> <span class='ocrx_word' id='word_1_15' title='bbox 760 688 837 774; x_wconf 82' lang='grc' dir='ltr'><em>εἶχεν</em></span> <span class='ocrx_word' id='word_1_16' title='bbox 852 689 960 767; x_wconf 74' lang='grc' dir='ltr'><em>οὕτως’</em></span> <span class='ocrx_word' id='word_1_17' title='bbox 977 685 1052 754; x_wconf 74' lang='grc' dir='ltr'><em>ὅπου</em></span> <span class='ocrx_word' id='word_1_18' title='bbox 1066 681 1314 776; x_wconf 75' lang='grc' dir='ltr'><em>γᾶρἉβροιιόμης</em></span> <span class='ocrx_word' id='word_1_19' title='bbox 1326 682 1449 770; x_wconf 81' lang='grc' dir='ltr'><em>ὀφθείη,</em></span> 
     </span>
     <span class='ocr_line' id='line_1_4' title="bbox 334 785 1448 878; baseline -0.002 -22"><span class='ocrx_word' id='word_1_20' title='bbox 334 789 402 858; x_wconf 79' lang='grc' dir='ltr'><em>οὕτε</em></span> <span class='ocrx_word' id='word_1_21' title='bbox 430 789 547 877; x_wconf 71' lang='grc' dir='ltr'><em>ἄγαλμα</em></span> <span class='ocrx_word' id='word_1_22' title='bbox 574 785 665 856; x_wconf 76' lang='grc' dir='ltr'><em>καλὸν</em></span> <span class='ocrx_word' id='word_1_23' title='bbox 693 793 829 872; x_wconf 76' lang='grc' dir='ltr'><em>ἐφαίνετο</em></span> <span class='ocrx_word' id='word_1_24' title='bbox 857 790 925 855; x_wconf 74' lang='grc' dir='ltr'><em>οὔτε</em></span> <span class='ocrx_word' id='word_1_25' title='bbox 951 786 1039 856; x_wconf 74' lang='lat' dir='ltr'><strong>slacio</strong></span> <span class='ocrx_word' id='word_1_26' title='bbox 1066 793 1210 878; x_wconf 77' lang='grc' dir='ltr'><em>ἐπῃνεῖτο.</em></span> <span class='ocrx_word' id='word_1_27' title='bbox 1255 795 1353 873; x_wconf 83' lang='grc' dir='ltr'><em>μηνίει</em></span> <span class='ocrx_word' id='word_1_28' title='bbox 1375 787 1448 872; x_wconf 85' lang='grc' dir='ltr'><em>πρὸς</em></span> 
     </span>
     <span class='ocr_line' id='line_1_5' title="bbox 333 889 1448 980; baseline 0 -20"><span class='ocrx_word' id='word_1_29' title='bbox 333 900 425 960; x_wconf 80' lang='grc' dir='ltr'><em>ταῦτα</em></span> <span class='ocrx_word' id='word_1_30' title='bbox 453 889 585 977; x_wconf 50' lang='lat' dir='ltr'><strong>Vmor</strong></span> <span class='ocrx_word' id='word_1_31' title='bbox 612 919 639 959; x_wconf 89' lang='lat' dir='ltr'><strong>c.</strong></span> <span class='ocrx_word' id='word_1_32' title='bbox 663 919 692 980; x_wconf 92' lang='lat' dir='ltr'><strong>q.</strong></span> <span class='ocrx_word' id='word_1_33' title='bbox 716 919 741 960; x_wconf 90' lang='lat' dir='ltr'><strong>s.</strong></span> <span class='ocrx_word' id='word_1_34' title='bbox 785 900 896 958; x_wconf 79' lang='lat' dir='ltr'><strong>similia</strong></span> <span class='ocrx_word' id='word_1_35' title='bbox 925 899 1037 959; x_wconf 93' lang='lat' dir='ltr'><strong>Achill.</strong></span> <span class='ocrx_word' id='word_1_36' title='bbox 1061 901 1131 960; x_wconf 88' lang='lat' dir='ltr'><strong>Tat.</strong></span> <span class='ocrx_word' id='word_1_37' title='bbox 1154 900 1235 959; x_wconf 90' lang='lat' dir='ltr'>VIII</span> <span class='ocrx_word' id='word_1_38' title='bbox 1262 907 1294 960; x_wconf 75' lang='lat'><strong>12</strong></span> <span class='ocrx_word' id='word_1_39' title='bbox 1318 898 1371 978; x_wconf 82' lang='lat' dir='ltr'><strong>(cf.</strong></span> <span class='ocrx_word' id='word_1_40' title='bbox 1393 901 1448 960; x_wconf 82' lang='lat'><strong>15</strong></span> 
     </span>
     <span class='ocr_line' id='line_1_6' title="bbox 335 1000 1449 1080; baseline -0.004 -18"><span class='ocrx_word' id='word_1_41' title='bbox 335 1011 366 1062; x_wconf 89' lang='lat' dir='ltr'><strong>et</strong></span> <span class='ocrx_word' id='word_1_42' title='bbox 387 1003 421 1061; x_wconf 95' lang='lat' dir='ltr'><strong>II</strong></span> <span class='ocrx_word' id='word_1_43' title='bbox 444 1000 483 1080; x_wconf 90' lang='lat' dir='ltr'><strong>l),</strong></span> <span class='ocrx_word' id='word_1_44' title='bbox 512 1000 700 1061; x_wconf 82' lang='lat' dir='ltr'><strong>Heliodorus</strong></span> <span class='ocrx_word' id='word_1_45' title='bbox 723 1001 775 1060; x_wconf 90' lang='lat' dir='ltr'><strong>HI</strong></span> <span class='ocrx_word' id='word_1_46' title='bbox 798 1006 839 1074; x_wconf 87' lang='grc'><strong>17,</strong></span> <span class='ocrx_word' id='word_1_47' title='bbox 870 1008 901 1059; x_wconf 87' lang='lat' dir='ltr'><strong>et</strong></span> <span class='ocrx_word' id='word_1_48' title='bbox 924 1000 963 1059; x_wconf 91' lang='lat' dir='ltr'><strong>dc</strong></span> <span class='ocrx_word' id='word_1_49' title='bbox 985 1001 1135 1060; x_wconf 78' lang='lat' dir='ltr'><strong>Atalanta</strong></span> <span class='ocrx_word' id='word_1_50' title='bbox 1156 1000 1320 1060; x_wconf 88' lang='lat' dir='ltr'><strong>Milanioni</strong></span> <span class='ocrx_word' id='word_1_51' title='bbox 1348 1009 1449 1059; x_wconf 86' lang='lat' dir='ltr'><strong>amata</strong></span> 
     </span>
     <span class='ocr_line' id='line_1_7' title="bbox 335 1101 805 1182; baseline -0.006 -19"><span class='ocrx_word' id='word_1_52' title='bbox 335 1105 479 1164; x_wconf 83' lang='lat' dir='ltr'><strong>Musaeus</strong></span> <span class='ocrx_word' id='word_1_53' title='bbox 504 1101 543 1160; x_wconf 90' lang='lat' dir='ltr'><strong>de</strong></span> <span class='ocrx_word' id='word_1_54' title='bbox 564 1102 639 1162; x_wconf 90' lang='lat' dir='ltr'><strong>Her.</strong></span> <span class='ocrx_word' id='word_1_55' title='bbox 664 1112 715 1165; x_wconf 80' lang='lat'><strong>153</strong></span> <span class='ocrx_word' id='word_1_56' title='bbox 736 1121 805 1182; x_wconf 89' lang='lat' dir='ltr'><strong>sqq.</strong></span> 
     </span>
     <span class='ocr_line' id='line_1_8' title="bbox 307 1201 1508 1284; baseline -0.002 -20"><span class='ocrx_word' id='word_1_57' title='bbox 307 1241 311 1248; x_wconf 91' lang='lat'><strong>·</strong></span> <span class='ocrx_word' id='word_1_58' title='bbox 419 1205 508 1284; x_wconf 73' lang='lat' dir='ltr'><strong>Quae</strong></span> <span class='ocrx_word' id='word_1_59' title='bbox 531 1204 662 1262; x_wconf 84' lang='lat' dir='ltr'><strong>comita</strong></span> <span class='ocrx_word' id='word_1_60' title='bbox 689 1204 766 1277; x_wconf 84' lang='lat' dir='ltr'><strong>sint,</strong></span> <span class='ocrx_word' id='word_1_61' title='bbox 795 1201 995 1281; x_wconf 85' lang='lat' dir='ltr'><strong>probabiliter</strong></span> <span class='ocrx_word' id='word_1_62' title='bbox 1016 1203 1077 1263; x_wconf 87' lang='lat' dir='ltr'><strong>huc</strong></span> <span class='ocrx_word' id='word_1_63' title='bbox 1103 1203 1219 1262; x_wconf 84' lang='lat' dir='ltr'><strong>referre</strong></span> <span class='ocrx_word' id='word_1_64' title='bbox 1243 1204 1318 1262; x_wconf 92' lang='lat' dir='ltr'><strong>mihi</strong></span> <span class='ocrx_word' id='word_1_65' title='bbox 1340 1203 1449 1262; x_wconf 88' lang='lat' dir='ltr'><strong>videor</strong></span> <span class='ocrx_word' id='word_1_66' title='bbox 1503 1245 1508 1252; x_wconf 44' lang='grc' dir='ltr'><em>ι</em></span> 
     </span>
     <span class='ocr_line' id='line_1_9' title="bbox 336 1304 1391 1386; baseline -0.002 -20"><span class='ocrx_word' id='word_1_67' title='bbox 336 1308 394 1385; x_wconf 84' lang='lat' dir='ltr'><strong>frg.</strong></span> <span class='ocrx_word' id='word_1_68' title='bbox 419 1306 606 1386; x_wconf 84' lang='lat' dir='ltr'><strong>adespoton‚</strong></span> <span class='ocrx_word' id='word_1_69' title='bbox 639 1304 722 1384; x_wconf 88' lang='lat' dir='ltr'><strong>quod</strong></span> <span class='ocrx_word' id='word_1_70' title='bbox 756 1305 951 1364; x_wconf 87' lang='lat' dir='ltr'><strong>conservavit</strong></span> <span class='ocrx_word' id='word_1_71' title='bbox 973 1307 1082 1364; x_wconf 87' lang='lat' dir='ltr'><strong>Ioann.</strong></span> <span class='ocrx_word' id='word_1_72' title='bbox 1105 1304 1196 1363; x_wconf 84' lang='lat' dir='ltr'><strong>Alex.</strong></span> <span class='ocrx_word' id='word_1_73' title='bbox 1220 1325 1251 1384; x_wconf 91' lang='lat' dir='ltr'><strong>p.</strong></span> <span class='ocrx_word' id='word_1_74' title='bbox 1275 1313 1318 1378; x_wconf 75' lang='lat'><strong>27,</strong></span> <span class='ocrx_word' id='word_1_75' title='bbox 1342 1314 1391 1365; x_wconf 76' lang='lat'><strong>22:</strong></span> 
     </span>
     <span class='ocr_line' id='line_1_10' title="bbox 418 1391 1449 1484; baseline -0.002 -19"><span class='ocrx_word' id='word_1_76' title='bbox 418 1405 446 1465; x_wconf 86' lang='grc' dir='ltr'><em>εἰ</em></span> <span class='ocrx_word' id='word_1_77' title='bbox 464 1402 562 1483; x_wconf 80' lang='grc' dir='ltr'><em>μέντοι</em></span> <span class='ocrx_word' id='word_1_78' title='bbox 586 1399 617 1460; x_wconf 79' lang='grc' dir='ltr'><strong>ἐν</strong></span> <span class='ocrx_word' id='word_1_79' title='bbox 639 1400 713 1462; x_wconf 75' lang='grc' dir='ltr'><em>τέλει</em></span> <span class='ocrx_word' id='word_1_80' title='bbox 736 1403 836 1480; x_wconf 81' lang='grc' dir='ltr'><em>στίχου</em></span> <span class='ocrx_word' id='word_1_81' title='bbox 858 1401 906 1478; x_wconf 81' lang='grc' dir='ltr'><em>εἴη</em></span> <span class='ocrx_word' id='word_1_82' title='bbox 930 1393 965 1482; x_wconf 81' lang='grc' dir='ltr'><strong>(ἡ</strong></span> <span class='ocrx_word' id='word_1_83' title='bbox 988 1397 1147 1484; x_wconf 82' lang='grc' dir='ltr'><strong><em>πρόθεσις)</em></strong></span> <span class='ocrx_word' id='word_1_84' title='bbox 1170 1391 1191 1480; x_wconf 77' lang='grc' dir='ltr'><em>ἢ</em></span> <span class='ocrx_word' id='word_1_85' title='bbox 1212 1391 1314 1474; x_wconf 74' lang='grc' dir='ltr'><em>ἅπλῶς</em></span> <span class='ocrx_word' id='word_1_86' title='bbox 1328 1401 1360 1462; x_wconf 83' lang='grc' dir='ltr'><strong>ἐν</strong></span> <span class='ocrx_word' id='word_1_87' title='bbox 1376 1403 1449 1463; x_wconf 77' lang='grc' dir='ltr'><em>τέλει</em></span> 
     </span>
     <span class='ocr_line' id='line_1_11' title="bbox 333 1493 1450 1584; baseline 0 -19"><span class='ocrx_word' id='word_1_88' title='bbox 333 1495 493 1584; x_wconf 82' lang='grc' dir='ltr'><em>ὀνόματος,</em></span> <span class='ocrx_word' id='word_1_89' title='bbox 521 1493 591 1583; x_wconf 87' lang='grc' dir='ltr'><em>μεθ’</em></span> <span class='ocrx_word' id='word_1_90' title='bbox 616 1495 655 1581; x_wconf 84' lang='grc' dir='ltr'><strong>ἣν</strong></span> <span class='ocrx_word' id='word_1_91' title='bbox 683 1503 798 1564; x_wconf 79' lang='grc' dir='ltr'><em>τίθεται</em></span> <span class='ocrx_word' id='word_1_92' title='bbox 832 1503 951 1582; x_wconf 78' lang='grc' dir='ltr'><em>στιγμή,</em></span> <span class='ocrx_word' id='word_1_93' title='bbox 980 1495 1191 1583; x_wconf 76' lang='grc' dir='ltr'><em>ἀναστρέφεται</em></span> <span class='ocrx_word' id='word_1_94' title='bbox 1220 1498 1353 1578; x_wconf 74' lang='grc' dir='ltr'><em>πάντας,</em></span> <span class='ocrx_word' id='word_1_95' title='bbox 1383 1498 1450 1573; x_wconf 81' lang='grc' dir='ltr'><em>οἷόν</em></span> 
     </span>
     <span class='ocr_line' id='line_1_12' title="bbox 334 1593 1448 1684; baseline -0.002 -18"><span class='ocrx_word' id='word_1_96' title='bbox 334 1605 405 1681; x_wconf 74' lang='grc' dir='ltr'><em>ἐστι,</em></span> <span class='ocrx_word' id='word_1_97' title='bbox 428 1607 500 1666; x_wconf 78' lang='grc' dir='ltr'><strong>τῶν</strong></span> <span class='ocrx_word' id='word_1_98' title='bbox 523 1598 672 1665; x_wconf 77' lang='grc' dir='ltr'><em>πάντων</em></span> <span class='ocrx_word' id='word_1_99' title='bbox 695 1593 722 1661; x_wconf 82' lang='grc' dir='ltr'><strong>δ’</strong></span> <span class='ocrx_word' id='word_1_100' title='bbox 748 1602 882 1664; x_wconf 74' lang='grc' dir='ltr'><em>ἔπτυσε</em></span> <span class='ocrx_word' id='word_1_101' title='bbox 904 1596 996 1664; x_wconf 70' lang='grc' dir='ltr'><em>πολι)</em></span> <span class='ocrx_word' id='word_1_102' title='bbox 1019 1599 1127 1664; x_wconf 80' lang='grc' dir='ltr'><em>κάτα·</em></span> <span class='ocrx_word' id='word_1_103' title='bbox 1149 1594 1371 1684; x_wconf 74' lang='grc' dir='ltr'><em>ἀναστρέφομεν</em></span> <span class='ocrx_word' id='word_1_104' title='bbox 1392 1595 1448 1684; x_wconf 76' lang='lat' dir='ltr'><strong>poio</strong></span> 
     </span>
     <span class='ocr_line' id='line_1_13' title="bbox 334 1697 1449 1786; baseline 0.001 -19"><span class='ocrx_word' id='word_1_105' title='bbox 334 1700 388 1785; x_wconf 73' lang='grc' dir='ltr'><strong>τὴν</strong></span> <span class='ocrx_word' id='word_1_106' title='bbox 416 1701 577 1786; x_wconf 81' lang='grc' dir='ltr'><em>πρόθεσιν,</em></span> <span class='ocrx_word' id='word_1_107' title='bbox 608 1706 661 1765; x_wconf 83' lang='grc' dir='ltr'><strong>τοῦ</strong></span> <span class='ocrx_word' id='word_1_108' title='bbox 689 1703 753 1782; x_wconf 79' lang='grc' dir='ltr'><strong><em>ἑξῆς</em></strong></span> <span class='ocrx_word' id='word_1_109' title='bbox 783 1697 867 1778; x_wconf 71' lang='grc' dir='ltr'><em>ὄντος</em></span> <span class='ocrx_word' id='word_1_110' title='bbox 896 1699 961 1764; x_wconf 82' lang='grc' dir='ltr'><em>κατ’</em></span> <span class='ocrx_word' id='word_1_111' title='bbox 995 1704 1109 1766; x_wconf 76' lang='grc' dir='ltr'><em>ἔπτυσε.</em></span> <span class='ocrx_word' id='word_1_112' title='bbox 1147 1709 1242 1768; x_wconf 90' lang='lat' dir='ltr'><strong>schol.</strong></span> <span class='ocrx_word' id='word_1_113' title='bbox 1265 1709 1304 1768; x_wconf 94' lang='lat' dir='ltr'><strong>Il.</strong></span> <span class='ocrx_word' id='word_1_114' title='bbox 1333 1710 1362 1764; x_wconf 89' lang='lat' dir='ltr'><em>E</em></span> <span class='ocrx_word' id='word_1_115' title='bbox 1382 1717 1449 1772; x_wconf 71' lang='lat'>283:</span> 
     </span>
     <span class='ocr_line' id='line_1_14' title="bbox 335 1799 1449 1896; baseline 0 -26"><span class='ocrx_word' id='word_1_116' title='bbox 335 1807 440 1870; x_wconf 75' lang='grc' dir='ltr'><em>ἔπτυσε</em></span> <span class='ocrx_word' id='word_1_117' title='bbox 462 1799 538 1868; x_wconf 71' lang='grc' dir='ltr'><em>πολὺ</em></span> <span class='ocrx_word' id='word_1_118' title='bbox 561 1800 646 1867; x_wconf 74' lang='grc' dir='ltr'><em>κατα.</em></span> <span class='ocrx_word' id='word_1_119' title='bbox 681 1808 852 1888; x_wconf 89' lang='lat' dir='ltr'><strong>eademque</strong></span> <span class='ocrx_word' id='word_1_120' title='bbox 874 1808 969 1868; x_wconf 90' lang='lat' dir='ltr'><strong>habet</strong></span> <span class='ocrx_word' id='word_1_121' title='bbox 990 1810 1138 1896; x_wconf 80' lang='lat' dir='ltr'><strong>Apellen.</strong></span> <span class='ocrx_word' id='word_1_122' title='bbox 1164 1809 1203 1869; x_wconf 88' lang='lat' dir='ltr'><strong>de</strong></span> <span class='ocrx_word' id='word_1_123' title='bbox 1226 1817 1309 1890; x_wconf 86' lang='lat' dir='ltr'><strong>synt.</strong></span> <span class='ocrx_word' id='word_1_124' title='bbox 1333 1830 1364 1888; x_wconf 94' lang='lat' dir='ltr'><strong>p.</strong></span> <span class='ocrx_word' id='word_1_125' title='bbox 1387 1819 1449 1881; x_wconf 78' lang='lat'>305,</span> 
     </span>
    </p>
   </div>
   <div class='ocr_carea' id='block_1_3' title="bbox 303 1913 1233 2066">
    <p class='ocr_par' dir='ltr' id='par_1_3' title="bbox 303 1913 1233 2066">
     <span class='ocr_line' id='line_1_15' title="bbox 338 1913 556 1974; baseline -0.018 0"><span class='ocrx_word' id='word_1_126' title='bbox 338 1921 380 1974; x_wconf 79' lang='lat'><strong>12.</strong></span> <span class='ocrx_word' id='word_1_127' title='bbox 403 1913 482 1971; x_wconf 91' lang='lat' dir='ltr'><strong>corri</strong></span> <span class='ocrx_word' id='word_1_128' title='bbox 505 1932 556 1971; x_wconf 86' lang='lat' dir='ltr'><strong>as:</strong></span> 
     </span>
     <span class='ocr_line' id='line_1_16' title="bbox 303 1932 1233 2066; baseline -0.001 -14"><span class='ocrx_word' id='word_1_129' title='bbox 303 2027 322 2066; x_wconf 80' lang='lat' dir='ltr'>v</span> <span class='ocrx_word' id='word_1_130' title='bbox 484 1932 505 1989; x_wconf 73' lang='lat' dir='ltr'>g</span> <span class='ocrx_word' id='word_1_131' title='bbox 588 1992 649 2053; x_wconf 77' lang='grc' dir='ltr'><strong>τῶν</strong></span> <span class='ocrx_word' id='word_1_132' title='bbox 671 1986 791 2051; x_wconf 77' lang='grc' dir='ltr'><em>πάντων</em></span> <span class='ocrx_word' id='word_1_133' title='bbox 814 1981 841 2048; x_wconf 86' lang='lat' dir='ltr'><strong>d’</strong></span> <span class='ocrx_word' id='word_1_134' title='bbox 868 1989 972 2051; x_wconf 72' lang='grc' dir='ltr'><em>ἔπαυσε</em></span> <span class='ocrx_word' id='word_1_135' title='bbox 993 1982 1090 2052; x_wconf 66' lang='lat' dir='ltr'><strong>nocti</strong></span> <span class='ocrx_word' id='word_1_136' title='bbox 1111 1984 1194 2052; x_wconf 75' lang='grc' dir='ltr'><em>κατα.</em></span> <span class='ocrx_word' id='word_1_137' title='bbox 1223 2018 1233 2032; x_wconf 86' lang='grc'><em>·</em></span> 
     </span>
    </p>
   </div>
   <div class='ocr_carea' id='block_1_4' title="bbox 291 2128 1453 3641">
    <p class='ocr_par' dir='ltr' id='par_1_4' title="bbox 335 2128 1450 2528">
     <span class='ocr_line' id='line_1_17' title="bbox 335 2128 1449 2209; baseline 0 -19"><span class='ocrx_word' id='word_1_138' title='bbox 335 2152 371 2190; x_wconf 87' lang='lat' dir='ltr'><strong>ac</strong></span> <span class='ocrx_word' id='word_1_139' title='bbox 398 2130 491 2190; x_wconf 89' lang='lat' dir='ltr'><strong>video</strong></span> <span class='ocrx_word' id='word_1_140' title='bbox 520 2131 579 2189; x_wconf 93' lang='lat' dir='ltr'><strong>hoc</strong></span> <span class='ocrx_word' id='word_1_141' title='bbox 606 2131 665 2208; x_wconf 86' lang='lat' dir='ltr'><strong>frg.</strong></span> <span class='ocrx_word' id='word_1_142' title='bbox 695 2128 883 2188; x_wconf 84' lang='lat' dir='ltr'><strong>Callimacho</strong></span> <span class='ocrx_word' id='word_1_143' title='bbox 910 2129 1071 2189; x_wconf 87' lang='lat' dir='ltr'><strong>vindicare</strong></span> <span class='ocrx_word' id='word_1_144' title='bbox 1101 2139 1132 2189; x_wconf 93' lang='lat' dir='ltr'><strong>et</strong></span> <span class='ocrx_word' id='word_1_145' title='bbox 1158 2131 1325 2208; x_wconf 87' lang='lat' dir='ltr'><strong>Bergkium</strong></span> <span class='ocrx_word' id='word_1_146' title='bbox 1351 2138 1449 2209; x_wconf 90' lang='lat' dir='ltr'><strong>poett.</strong></span> 
     </span>
     <span class='ocr_line' id='line_1_18' title="bbox 335 2230 1450 2310; baseline -0.001 -19"><span class='ocrx_word' id='word_1_147' title='bbox 335 2234 392 2310; x_wconf 86' lang='lat' dir='ltr'><strong>lyr.</strong></span> <span class='ocrx_word' id='word_1_148' title='bbox 415 2254 447 2310; x_wconf 89' lang='lat' dir='ltr'><strong>p.</strong></span> <span class='ocrx_word' id='word_1_149' title='bbox 474 2238 538 2294; x_wconf 80' lang='lat'>1075</span> <span class='ocrx_word' id='word_1_150' title='bbox 569 2239 600 2290; x_wconf 90' lang='lat' dir='ltr'><strong>et</strong></span> <span class='ocrx_word' id='word_1_151' title='bbox 621 2230 789 2290; x_wconf 86' lang='lat' dir='ltr'><strong>Reuehium</strong></span> <span class='ocrx_word' id='word_1_152' title='bbox 821 2230 851 2289; x_wconf 92' lang='lat' dir='ltr'><strong>d.</strong></span> <span class='ocrx_word' id='word_1_153' title='bbox 875 2231 948 2289; x_wconf 91' lang='lat' dir='ltr'><strong>aitia</strong></span> <span class='ocrx_word' id='word_1_154' title='bbox 970 2252 1002 2308; x_wconf 83' lang='lat' dir='ltr'><strong>p.</strong></span> <span class='ocrx_word' id='word_1_155' title='bbox 1025 2238 1112 2292; x_wconf 80' lang='lat'><strong>5411.</strong></span> <span class='ocrx_word' id='word_1_156' title='bbox 1158 2231 1241 2310; x_wconf 87' lang='lat' dir='ltr'><strong>qnod</strong></span> <span class='ocrx_word' id='word_1_157' title='bbox 1270 2232 1345 2310; x_wconf 90' lang='lat' dir='ltr'><strong>quin</strong></span> <span class='ocrx_word' id='word_1_158' title='bbox 1367 2240 1450 2290; x_wconf 90' lang='lat' dir='ltr'><strong>recto</strong></span> 
     </span>
     <span class='ocr_line' id='line_1_19' title="bbox 335 2330 1449 2410; baseline 0 -18"><span class='ocrx_word' id='word_1_159' title='bbox 335 2335 375 2393; x_wconf 87' lang='lat' dir='ltr'><strong>sit</strong></span> <span class='ocrx_word' id='word_1_160' title='bbox 397 2334 509 2392; x_wconf 87' lang='lat' dir='ltr'><strong>factum</strong></span> <span class='ocrx_word' id='word_1_161' title='bbox 532 2352 568 2391; x_wconf 91' lang='lat' dir='ltr'><strong>eo</strong></span> <span class='ocrx_word' id='word_1_162' title='bbox 593 2333 691 2391; x_wconf 89' lang='lat' dir='ltr'><strong>minus</strong></span> <span class='ocrx_word' id='word_1_163' title='bbox 716 2330 836 2404; x_wconf 88' lang='lat' dir='ltr'><strong>dnbit0,</strong></span> <span class='ocrx_word' id='word_1_164' title='bbox 866 2351 926 2410; x_wconf 91' lang='lat' dir='ltr'><strong>quo</strong></span> <span class='ocrx_word' id='word_1_165' title='bbox 949 2332 995 2390; x_wconf 91' lang='lat' dir='ltr'><strong>illi</strong></span> <span class='ocrx_word' id='word_1_166' title='bbox 1017 2332 1145 2392; x_wconf 89' lang='lat' dir='ltr'><strong>similius</strong></span> <span class='ocrx_word' id='word_1_167' title='bbox 1170 2332 1305 2392; x_wconf 81' lang='lat' dir='ltr'><strong>decurrit</strong></span> <span class='ocrx_word' id='word_1_168' title='bbox 1328 2332 1449 2392; x_wconf 79' lang='lat' dir='ltr'><strong>callim.</strong></span> 
     </span>
     <span class='ocr_line' id='line_1_20' title="bbox 336 2427 1079 2528; baseline 0 -36"><span class='ocrx_word' id='word_1_169' title='bbox 336 2435 393 2512; x_wconf 83' lang='lat' dir='ltr'><strong>frg.</strong></span> <span class='ocrx_word' id='word_1_170' title='bbox 420 2444 484 2496; x_wconf 72' lang='lat' dir='ltr'><strong>isox</strong></span> <span class='ocrx_word' id='word_1_171' title='bbox 654 2508 662 2528; x_wconf 90' lang='lat'><strong>.</strong></span> <span class='ocrx_word' id='word_1_172' title='bbox 956 2427 961 2434; x_wconf 87' lang='lat'>&#39;</span> <span class='ocrx_word' id='word_1_173' title='bbox 1067 2497 1079 2527; x_wconf 40' lang='grc' dir='ltr'><strong>ς</strong></span> 
     </span>
    </p>

    <p class='ocr_par' dir='ltr' id='par_1_5' title="bbox 569 2507 1227 2592">
     <span class='ocr_line' id='line_1_21' title="bbox 569 2507 1227 2592; baseline 0.002 -17"><span class='ocrx_word' id='word_1_174' title='bbox 569 2518 693 2575; x_wconf 75' lang='lat' dir='ltr'><strong>nollunt</strong></span> <span class='ocrx_word' id='word_1_175' title='bbox 716 2511 765 2574; x_wconf 84' lang='grc' dir='ltr'><em>καὶ</em></span> <span class='ocrx_word' id='word_1_176' title='bbox 790 2515 916 2574; x_wconf 81' lang='grc' dir='ltr'><em>κανθῶν</em></span> <span class='ocrx_word' id='word_1_177' title='bbox 937 2507 1033 2590; x_wconf 74' lang='grc' dir='ltr'><em>ἤλασα</em></span> <span class='ocrx_word' id='word_1_178' title='bbox 1057 2535 1136 2592; x_wconf 86' lang='grc' dir='ltr'><em>οιρον</em></span> <span class='ocrx_word' id='word_1_179' title='bbox 1158 2507 1227 2577; x_wconf 73' lang='grc' dir='ltr'><em>ὅπα.</em></span> 
     </span>
    </p>

    <p class='ocr_par' dir='ltr' id='par_1_6' title="bbox 335 2650 1451 3035">
     <span class='ocr_line' id='line_1_22' title="bbox 421 2650 1450 2732; baseline -0.001 -19"><span class='ocrx_word' id='word_1_180' title='bbox 421 2652 555 2713; x_wconf 81' lang='lat' dir='ltr'><strong>Cunctos</strong></span> <span class='ocrx_word' id='word_1_181' title='bbox 578 2653 669 2730; x_wconf 85' lang='lat' dir='ltr'><strong>igitur</strong></span> <span class='ocrx_word' id='word_1_182' title='bbox 691 2653 760 2712; x_wconf 90' lang='lat' dir='ltr'><strong>illos</strong></span> <span class='ocrx_word' id='word_1_183' title='bbox 783 2661 950 2726; x_wconf 84' lang='lat' dir='ltr'><strong>amatores,</strong></span> <span class='ocrx_word' id='word_1_184' title='bbox 973 2653 1025 2711; x_wconf 89' lang='lat' dir='ltr'><strong>vel</strong></span> <span class='ocrx_word' id='word_1_185' title='bbox 1048 2652 1159 2732; x_wconf 89' lang='lat' dir='ltr'><strong>cupide</strong></span> <span class='ocrx_word' id='word_1_186' title='bbox 1182 2662 1335 2712; x_wconf 85' lang='lat' dir='ltr'><strong>sectantes</strong></span> <span class='ocrx_word' id='word_1_187' title='bbox 1357 2655 1390 2712; x_wconf 91' lang='lat' dir='ltr'><strong>in</strong></span> <span class='ocrx_word' id='word_1_188' title='bbox 1405 2650 1450 2713; x_wconf 91' lang='lat' dir='ltr'><strong>lu·</strong></span> 
     </span>
     <span class='ocr_line' id='line_1_23' title="bbox 336 2752 1450 2832; baseline 0.001 -19"><span class='ocrx_word' id='word_1_189' title='bbox 336 2754 408 2813; x_wconf 92' lang='lat' dir='ltr'><strong>dum</strong></span> <span class='ocrx_word' id='word_1_190' title='bbox 430 2753 635 2832; x_wconf 85' lang='lat' dir='ltr'><strong>balneumque</strong></span> <span class='ocrx_word' id='word_1_191' title='bbox 657 2753 839 2825; x_wconf 86' lang='lat' dir='ltr'><strong>vadentem,</strong></span> <span class='ocrx_word' id='word_1_192' title='bbox 861 2753 913 2812; x_wconf 90' lang='lat' dir='ltr'><strong>vel</strong></span> <span class='ocrx_word' id='word_1_193' title='bbox 935 2752 1056 2813; x_wconf 87' lang='lat' dir='ltr'><strong>cottabo</strong></span> <span class='ocrx_word' id='word_1_194' title='bbox 1079 2754 1210 2814; x_wconf 81' lang='lat' dir='ltr'><strong>sollicite</strong></span> <span class='ocrx_word' id='word_1_195' title='bbox 1227 2763 1450 2827; x_wconf 76' lang='lat' dir='ltr'><strong>concertantes,</strong></span> 
     </span>
     <span class='ocr_line' id='line_1_24' title="bbox 335 2853 1451 2934; baseline 0 -20"><span class='ocrx_word' id='word_1_196' title='bbox 335 2855 387 2914; x_wconf 90' lang='lat' dir='ltr'><strong>vel</strong></span> <span class='ocrx_word' id='word_1_197' title='bbox 409 2855 549 2934; x_wconf 83' lang='lat' dir='ltr'><strong>vestigiis</strong></span> <span class='ocrx_word' id='word_1_198' title='bbox 573 2855 635 2914; x_wconf 87' lang='lat' dir='ltr'><strong>suis</strong></span> <span class='ocrx_word' id='word_1_199' title='bbox 657 2855 792 2932; x_wconf 88' lang='lat' dir='ltr'><strong>ipsorum</strong></span> <span class='ocrx_word' id='word_1_200' title='bbox 814 2853 911 2932; x_wconf 89' lang='lat' dir='ltr'><strong>pedes</strong></span> <span class='ocrx_word' id='word_1_201' title='bbox 936 2854 1096 2933; x_wconf 83' lang='lat' dir='ltr'><strong>delicatius</strong></span> <span class='ocrx_word' id='word_1_202' title='bbox 1118 2856 1297 2933; x_wconf 87' lang='lat' dir='ltr'><strong>infigentes,</strong></span> <span class='ocrx_word' id='word_1_203' title='bbox 1327 2864 1451 2915; x_wconf 90' lang='lat' dir='ltr'><strong>cunctos</strong></span> 
     </span>
     <span class='ocr_line' id='line_1_25' title="bbox 335 2956 947 3035; baseline -0.002 -20"><span class='ocrx_word' id='word_1_204' title='bbox 335 2958 403 3016; x_wconf 90' lang='lat' dir='ltr'><strong>illos</strong></span> <span class='ocrx_word' id='word_1_205' title='bbox 426 2957 627 3015; x_wconf 89' lang='lat' dir='ltr'><strong>vehementer</strong></span> <span class='ocrx_word' id='word_1_206' title='bbox 649 2957 767 3035; x_wconf 88' lang='lat' dir='ltr'><strong>sprevit</strong></span> <span class='ocrx_word' id='word_1_207' title='bbox 788 2956 947 3016; x_wconf 85' lang='lat' dir='ltr'><strong>Acontius.</strong></span> 
     </span>
    </p>

    <p class='ocr_par' dir='ltr' id='par_1_7' title="bbox 334 3057 1453 3338">
     <span class='ocr_line' id='line_1_26' title="bbox 419 3057 1453 3135; baseline 0 -19"><span class='ocrx_word' id='word_1_208' title='bbox 419 3058 507 3116; x_wconf 88' lang='lat' dir='ltr'><strong>Haec</strong></span> <span class='ocrx_word' id='word_1_209' title='bbox 534 3077 590 3134; x_wconf 92' lang='lat' dir='ltr'><strong>pro</strong></span> <span class='ocrx_word' id='word_1_210' title='bbox 620 3057 711 3114; x_wconf 89' lang='lat' dir='ltr'><strong>certis</strong></span> <span class='ocrx_word' id='word_1_211' title='bbox 746 3057 892 3116; x_wconf 89' lang='lat' dir='ltr'><strong>videntur</strong></span> <span class='ocrx_word' id='word_1_212' title='bbox 919 3057 995 3115; x_wconf 88' lang='lat' dir='ltr'><strong>sumi</strong></span> <span class='ocrx_word' id='word_1_213' title='bbox 1024 3076 1125 3135; x_wconf 87' lang='lat' dir='ltr'><strong>posse.</strong></span> <span class='ocrx_word' id='word_1_214' title='bbox 1171 3077 1208 3116; x_wconf 88' lang='lat' dir='ltr'><strong>ea</strong></span> <span class='ocrx_word' id='word_1_215' title='bbox 1236 3065 1339 3116; x_wconf 86' lang='lat' dir='ltr'><strong>autem</strong></span> <span class='ocrx_word' id='word_1_216' title='bbox 1367 3059 1453 3116; x_wconf 81' lang='lat' dir='ltr'><strong>iuvat</strong></span> 
     </span>
     <span class='ocr_line' id='line_1_27' title="bbox 335 3140 1452 3237; baseline 0 -21"><span class='ocrx_word' id='word_1_217' title='bbox 335 3159 440 3237; x_wconf 84' lang='lat' dir='ltr'><strong>aliqua</strong></span> <span class='ocrx_word' id='word_1_218' title='bbox 463 3176 615 3216; x_wconf 83' lang='lat' dir='ltr'><strong>exornare</strong></span> <span class='ocrx_word' id='word_1_219' title='bbox 644 3158 820 3217; x_wconf 85' lang='lat' dir='ltr'><strong>coniectura</strong></span> <span class='ocrx_word' id='word_1_220' title='bbox 841 3166 874 3217; x_wconf 88' lang='lat' dir='ltr'><strong>ut</strong></span> <span class='ocrx_word' id='word_1_221' title='bbox 896 3157 995 3217; x_wconf 88' lang='lat' dir='ltr'><strong>minus</strong></span> <span class='ocrx_word' id='word_1_222' title='bbox 1020 3140 1180 3236; x_wconf 85' lang='lat' dir='ltr'><strong>explorata</strong></span> <span class='ocrx_word' id='word_1_223' title='bbox 1201 3160 1245 3216; x_wconf 85' lang='lat' dir='ltr'><strong>ita</strong></span> <span class='ocrx_word' id='word_1_224' title='bbox 1267 3157 1350 3217; x_wconf 90' lang='lat' dir='ltr'><strong>haud</strong></span> <span class='ocrx_word' id='word_1_225' title='bbox 1373 3178 1452 3217; x_wconf 89' lang='lat' dir='ltr'><strong>sanc</strong></span> 
     </span>
     <span class='ocr_line' id='line_1_28' title="bbox 334 3258 539 3338; baseline -0.01 -21"><span class='ocrx_word' id='word_1_226' title='bbox 334 3258 539 3338; x_wconf 86' lang='lat' dir='ltr'><strong>improbabili.</strong></span> 
     </span>
    </p>

    <p class='ocr_par' dir='ltr' id='par_1_8' title="bbox 421 3357 1294 3439">
     <span class='ocr_line' id='line_1_29' title="bbox 421 3357 1294 3439; baseline -0.001 -21"><span class='ocrx_word' id='word_1_227' title='bbox 421 3358 600 3418; x_wconf 81' lang='lat' dir='ltr'><strong>Callimachi</strong></span> <span class='ocrx_word' id='word_1_228' title='bbox 622 3359 680 3436; x_wconf 86' lang='lat' dir='ltr'><strong>frg.</strong></span> <span class='ocrx_word' id='word_1_229' title='bbox 704 3367 756 3422; x_wconf 72' lang='lat'><strong>239</strong></span> <span class='ocrx_word' id='word_1_230' title='bbox 779 3358 831 3437; x_wconf 86' lang='lat' dir='ltr'><strong>(cf.</strong></span> <span class='ocrx_word' id='word_1_231' title='bbox 854 3358 948 3418; x_wconf 90' lang='lat' dir='ltr'><strong>schol.</strong></span> <span class='ocrx_word' id='word_1_232' title='bbox 972 3357 1012 3417; x_wconf 87' lang='lat' dir='ltr'><strong>ad</strong></span> <span class='ocrx_word' id='word_1_233' title='bbox 1035 3360 1116 3419; x_wconf 87' lang='lat' dir='ltr'><strong>Plat.</strong></span> <span class='ocrx_word' id='word_1_234' title='bbox 1139 3380 1170 3439; x_wconf 94' lang='lat' dir='ltr'><strong>p.</strong></span> <span class='ocrx_word' id='word_1_235' title='bbox 1194 3368 1245 3422; x_wconf 77' lang='lat'><strong>206</strong></span> <span class='ocrx_word' id='word_1_236' title='bbox 1260 3357 1294 3436; x_wconf 91' lang='lat' dir='ltr'><strong>d)</strong></span> 
     </span>
    </p>

    <p class='ocr_par' dir='ltr' id='par_1_9' title="bbox 291 3449 1334 3641">
     <span class='ocr_line' id='line_1_30' title="bbox 291 3449 1334 3550; baseline 0.004 -35"><span class='ocrx_word' id='word_1_237' title='bbox 291 3509 322 3549; x_wconf 65' lang='lat' dir='ltr'><strong>Vl</strong></span> <span class='ocrx_word' id='word_1_238' title='bbox 484 3452 587 3550; x_wconf 76' lang='grc' dir='ltr'><em>ζορκός</em></span> <span class='ocrx_word' id='word_1_239' title='bbox 609 3479 670 3530; x_wconf 87' lang='grc' dir='ltr'><em>τοι,</em></span> <span class='ocrx_word' id='word_1_240' title='bbox 693 3457 761 3532; x_wconf 81' lang='grc' dir='ltr'><em>φίλε</em></span> <span class='ocrx_word' id='word_1_241' title='bbox 783 3459 888 3535; x_wconf 83' lang='grc' dir='ltr'><em>κοῦρε,</em></span> <span class='ocrx_word' id='word_1_242' title='bbox 912 3458 1094 3536; x_wconf 79' lang='grc' dir='ltr'><em>Λιβυστίδος</em></span> <span class='ocrx_word' id='word_1_243' title='bbox 1116 3449 1224 3519; x_wconf 70' lang='grc' dir='ltr'><em>αὐτίκα</em></span> <span class='ocrx_word' id='word_1_244' title='bbox 1248 3453 1334 3520; x_wconf 66' lang='lat' dir='ltr'><strong>doloro</strong></span> 
     </span>
     <span class='ocr_line' id='line_1_31' title="bbox 537 3550 1027 3641; baseline 0.006 -26"><span class='ocrx_word' id='word_1_245' title='bbox 537 3557 624 3618; x_wconf 80' lang='grc' dir='ltr'><em>πέντε</em></span> <span class='ocrx_word' id='word_1_246' title='bbox 646 3553 844 3635; x_wconf 78' lang='grc' dir='ltr'><em>νεοσμήκτους</em></span> <span class='ocrx_word' id='word_1_247' title='bbox 864 3550 987 3635; x_wconf 58' lang='lat' dir='ltr'><strong>dovotus</strong></span> <span class='ocrx_word' id='word_1_248' title='bbox 998 3558 1027 3641; x_wconf 82' lang='lat'><strong>1)</strong></span> 
     </span>
    </p>
   </div>
   <div class='ocr_carea' id='block_1_5' title="bbox 335 3677 1453 4163">
    <p class='ocr_par' dir='ltr' id='par_1_10' title="bbox 335 3677 1453 4163">
     <span class='ocr_line' id='line_1_32' title="bbox 335 3677 1451 3741; baseline 0.003 -5"><span class='ocrx_word' id='word_1_249' title='bbox 335 3679 402 3737; x_wconf 86' lang='lat' dir='ltr'><strong>veri</strong></span> <span class='ocrx_word' id='word_1_250' title='bbox 425 3677 590 3737; x_wconf 89' lang='lat' dir='ltr'><strong>admodum</strong></span> <span class='ocrx_word' id='word_1_251' title='bbox 612 3679 710 3738; x_wconf 91' lang='lat' dir='ltr'><strong>simile</strong></span> <span class='ocrx_word' id='word_1_252' title='bbox 735 3689 781 3739; x_wconf 93' lang='lat' dir='ltr'><strong>est</strong></span> <span class='ocrx_word' id='word_1_253' title='bbox 802 3678 899 3739; x_wconf 86' lang='lat' dir='ltr'><strong>verba</strong></span> <span class='ocrx_word' id='word_1_254' title='bbox 922 3681 1081 3740; x_wconf 89' lang='lat' dir='ltr'><strong>continere</strong></span> <span class='ocrx_word' id='word_1_255' title='bbox 1104 3701 1123 3740; x_wconf 86' lang='lat' dir='ltr'><strong>a</strong></span> <span class='ocrx_word' id='word_1_256' title='bbox 1146 3683 1270 3741; x_wconf 90' lang='lat' dir='ltr'><strong>Venere</strong></span> <span class='ocrx_word' id='word_1_257' title='bbox 1293 3681 1332 3739; x_wconf 89' lang='lat' dir='ltr'><strong>ad</strong></span> <span class='ocrx_word' id='word_1_258' title='bbox 1360 3681 1451 3739; x_wconf 91' lang='lat' dir='ltr'><strong>Amo-</strong></span> 
     </span>
     <span class='ocr_line' id='line_1_33' title="bbox 335 3767 1451 3858; baseline 0.001 -20"><span class='ocrx_word' id='word_1_259' title='bbox 335 3801 399 3839; x_wconf 89' lang='lat' dir='ltr'><strong>rem</strong></span> <span class='ocrx_word' id='word_1_260' title='bbox 431 3780 521 3839; x_wconf 88' lang='lat' dir='ltr'><strong>dicta.</strong></span> <span class='ocrx_word' id='word_1_261' title='bbox 572 3767 752 3858; x_wconf 76' lang='grc' dir='ltr'><em>ἆστραγοίλαι</em></span> <span class='ocrx_word' id='word_1_262' title='bbox 781 3770 810 3836; x_wconf 86' lang='lat' dir='ltr'><strong>d&#39;</strong></span> <span class='ocrx_word' id='word_1_263' title='bbox 833 3771 963 3857; x_wconf 78' lang='grc' dir='ltr'><em>Ἔρωτός</em></span> <span class='ocrx_word' id='word_1_264' title='bbox 996 3779 1071 3840; x_wconf 86' lang='grc' dir='ltr'><em>εἰσιν</em></span> <span class='ocrx_word' id='word_1_265' title='bbox 1103 3781 1206 3857; x_wconf 85' lang='grc' dir='ltr'><em>μανίαι</em></span> <span class='ocrx_word' id='word_1_266' title='bbox 1240 3782 1283 3841; x_wconf 85' lang='lat' dir='ltr'><strong>ait</strong></span> <span class='ocrx_word' id='word_1_267' title='bbox 1308 3782 1451 3840; x_wconf 87' lang='lat' dir='ltr'><strong>Anacreo</strong></span> 
     </span>
     <span class='ocr_line' id='line_1_34' title="bbox 336 3879 1451 3962; baseline -0.001 -22"><span class='ocrx_word' id='word_1_268' title='bbox 336 3882 394 3954; x_wconf 79' lang='lat' dir='ltr'><strong>frg.</strong></span> <span class='ocrx_word' id='word_1_269' title='bbox 410 3891 443 3945; x_wconf 81' lang='lat'><strong>47</strong></span> <span class='ocrx_word' id='word_1_270' title='bbox 466 3879 537 3959; x_wconf 79' lang='lat'><strong>(44).</strong></span> <span class='ocrx_word' id='word_1_271' title='bbox 561 3902 596 3940; x_wconf 87' lang='lat' dir='ltr'><strong>ae</strong></span> <span class='ocrx_word' id='word_1_272' title='bbox 617 3883 691 3941; x_wconf 90' lang='lat' dir='ltr'><strong>satis</strong></span> <span class='ocrx_word' id='word_1_273' title='bbox 715 3882 806 3941; x_wconf 89' lang='lat' dir='ltr'><strong>etiam</strong></span> <span class='ocrx_word' id='word_1_274' title='bbox 829 3890 920 3945; x_wconf 83' lang='lat' dir='ltr'><strong>notus</strong></span> <span class='ocrx_word' id='word_1_275' title='bbox 944 3891 991 3941; x_wconf 90' lang='lat' dir='ltr'><strong>est</strong></span> <span class='ocrx_word' id='word_1_276' title='bbox 1014 3892 1044 3942; x_wconf 92' lang='lat' dir='ltr'><strong>et</strong></span> <span class='ocrx_word' id='word_1_277' title='bbox 1065 3883 1213 3962; x_wconf 91' lang='lat' dir='ltr'><strong>Apolloni</strong></span> <span class='ocrx_word' id='word_1_278' title='bbox 1235 3883 1268 3941; x_wconf 93' lang='lat' dir='ltr'><strong>in</strong></span> <span class='ocrx_word' id='word_1_279' title='bbox 1290 3882 1451 3959; x_wconf 87' lang='lat' dir='ltr'><strong>Argonau-</strong></span> 
     </span>
     <span class='ocr_line' id='line_1_35' title="bbox 335 3982 1452 4062; baseline -0.002 -21"><span class='ocrx_word' id='word_1_280' title='bbox 335 3983 404 4041; x_wconf 88' lang='lat' dir='ltr'><strong>ticis</strong></span> <span class='ocrx_word' id='word_1_281' title='bbox 427 3984 561 4041; x_wconf 85' lang='lat' dir='ltr'><strong>narratio</strong></span> <span class='ocrx_word' id='word_1_282' title='bbox 586 3983 625 4042; x_wconf 93' lang='lat' dir='ltr'><strong>de</strong></span> <span class='ocrx_word' id='word_1_283' title='bbox 648 3983 761 4043; x_wconf 86' lang='lat' dir='ltr'><strong>Amore</strong></span> <span class='ocrx_word' id='word_1_284' title='bbox 784 4003 851 4043; x_wconf 90' lang='lat' dir='ltr'><strong>cum</strong></span> <span class='ocrx_word' id='word_1_285' title='bbox 874 3983 1059 4062; x_wconf 81' lang='lat' dir='ltr'><strong>Ganymede</strong></span> <span class='ocrx_word' id='word_1_286' title='bbox 1086 3984 1157 4044; x_wconf 87' lang='lat' dir='ltr'><strong>talis</strong></span> <span class='ocrx_word' id='word_1_287' title='bbox 1187 3982 1315 4042; x_wconf 89' lang='lat' dir='ltr'><strong>ludente</strong></span> <span class='ocrx_word' id='word_1_288' title='bbox 1340 3989 1370 4040; x_wconf 92' lang='lat' dir='ltr'><strong>et</strong></span> <span class='ocrx_word' id='word_1_289' title='bbox 1392 3992 1452 4040; x_wconf 90' lang='lat' dir='ltr'><strong>sta-</strong></span> 
     </span>
     <span class='ocr_line' id='line_1_36' title="bbox 335 4075 1453 4163; baseline -0.002 -21"><span class='ocrx_word' id='word_1_290' title='bbox 335 4093 389 4142; x_wconf 90' lang='lat' dir='ltr'><strong>tua</strong></span> <span class='ocrx_word' id='word_1_291' title='bbox 403 4084 524 4144; x_wconf 88' lang='lat' dir='ltr'><strong>Amoris</strong></span> <span class='ocrx_word' id='word_1_292' title='bbox 548 4075 810 4162; x_wconf 80' lang='grc' dir='ltr'><em>ἆστραγαλίζοντος</em></span> <span class='ocrx_word' id='word_1_293' title='bbox 832 4105 851 4143; x_wconf 92' lang='lat' dir='ltr'><strong>a</strong></span> <span class='ocrx_word' id='word_1_294' title='bbox 865 4087 1048 4145; x_wconf 84' lang='lat' dir='ltr'><strong>Levezowio</strong></span> <span class='ocrx_word' id='word_1_295' title='bbox 1071 4087 1105 4144; x_wconf 88' lang='lat' dir='ltr'><strong>in</strong></span> <span class='ocrx_word' id='word_1_296' title='bbox 1121 4085 1274 4163; x_wconf 73' lang='lat' dir='ltr'><strong>Bottigeri</strong></span> <span class='ocrx_word' id='word_1_297' title='bbox 1289 4082 1453 4142; x_wconf 89' lang='lat' dir='ltr'><strong>Amalthea</strong></span> 
     </span>
    </p>
   </div>
   <div class='ocr_carea' id='block_1_6' title="bbox 336 4274 1451 4435">
    <p class='ocr_par' dir='ltr' id='par_1_11' title="bbox 336 4274 1451 4435">
     <span class='ocr_line' id='line_1_37' title="bbox 406 4274 1451 4351; baseline -0.002 -17"><span class='ocrx_word' id='word_1_298' title='bbox 406 4283 425 4349; x_wconf 86' lang='lat'><strong>¹)</strong></span> <span class='ocrx_word' id='word_1_299' title='bbox 445 4284 560 4334; x_wconf 85' lang='lat' dir='ltr'><strong>Lucian.</strong></span> <span class='ocrx_word' id='word_1_300' title='bbox 581 4299 664 4336; x_wconf 88' lang='lat' dir='ltr'><strong>amor.</strong></span> <span class='ocrx_word' id='word_1_301' title='bbox 678 4286 709 4334; x_wconf 88' lang='grc'><strong>16</strong></span> <span class='ocrx_word' id='word_1_302' title='bbox 721 4279 858 4348; x_wconf 73' lang='grc' dir='ltr'><em>τέσσαρας</em></span> <span class='ocrx_word' id='word_1_303' title='bbox 874 4274 1072 4350; x_wconf 70' lang='grc' dir='ltr'><em>ἀστραγάλους</em></span> <span class='ocrx_word' id='word_1_304' title='bbox 1083 4284 1210 4351; x_wconf 83' lang='grc' dir='ltr'><em>Λυβιιιῆς</em></span> <span class='ocrx_word' id='word_1_305' title='bbox 1229 4276 1341 4349; x_wconf 79' lang='grc' dir='ltr'><em>δορκός.</em></span> <span class='ocrx_word' id='word_1_306' title='bbox 1356 4310 1387 4318; x_wconf 96' lang='grc'><strong>-</strong></span> <span class='ocrx_word' id='word_1_307' title='bbox 1401 4284 1451 4332; x_wconf 91' lang='lat' dir='ltr'><strong>im·</strong></span> 
     </span>
     <span class='ocr_line' id='line_1_38' title="bbox 336 4367 1076 4435; baseline 0.003 -18"><span class='ocrx_word' id='word_1_308' title='bbox 336 4367 495 4433; x_wconf 84' lang='lat' dir='ltr'><strong>probabilia</strong></span> <span class='ocrx_word' id='word_1_309' title='bbox 513 4367 684 4432; x_wconf 82' lang='lat' dir='ltr'><strong>excogitavit</strong></span> <span class='ocrx_word' id='word_1_310' title='bbox 701 4367 841 4418; x_wconf 84' lang='lat' dir='ltr'><strong>Rauchius</strong></span> <span class='ocrx_word' id='word_1_311' title='bbox 859 4368 885 4422; x_wconf 90' lang='lat' dir='ltr'><strong>d.</strong></span> <span class='ocrx_word' id='word_1_312' title='bbox 905 4369 974 4420; x_wconf 86' lang='lat' dir='ltr'><strong>aitia</strong></span> <span class='ocrx_word' id='word_1_313' title='bbox 991 4386 1017 4435; x_wconf 89' lang='lat' dir='ltr'><strong>p.</strong></span> <span class='ocrx_word' id='word_1_314' title='bbox 1035 4371 1076 4422; x_wconf 77' lang='lat'><strong>51.</strong></span> 
     </span>
    </p>
   </div>
   <div class='ocr_carea' id='block_1_7' title="bbox 0 0 1635 5158">
    <p class='ocr_par' dir='ltr' id='par_1_12' title="bbox 0 0 1635 5158">
     <span class='ocr_line' id='line_1_39' title="bbox 0 0 1635 5158; baseline 0 0"><span class='ocrx_word' id='word_1_315' title='bbox 0 0 1635 5158; x_wconf 95' lang='lat' dir='ltr'><strong> </strong></span> 
     </span>
    </p>
   </div>
  </div>
 </body>
</html>
