3254 5158
708 435 919 499 ..72-

253 629 297 670 σει
319 601 369 670 τόν
391 607 502 688 πατέρα
523 603 644 688 φεύγων
667 605 778 684 ἐφοίτα.
813 611 908 669 11111.
931 611 1028 688 Soph.
1051 609 1157 688 Antig.
1179 620 1215 674 80
1238 609 1372 688 (Callim.

255 717 312 792 frg.
329 713 393 791 16);
417 707 468 784 τὰς
482 703 538 791 γάρ
559 703 722 786 προφάσεις
736 704 886 787 προχάνας
901 705 1042 782 ἐκάλουν,
1067 699 1106 780 ὡς
1122 707 1172 768 καὶ
1188 709 1373 787 Καλλίμαχος

219 858 239 900 X
454 840 607 925 α’γραδετω
626 840 755 930 πάσῃσιν
777 841 826 904 ἐπι
847 839 1042 922 πρσχάναισιν
1063 841 1166 921 ἐφοίτα

255 981 287 1044 ἕν
308 985 351 1066 τῷ
371 982 390 1062 γ
409 982 537 1071 Αἰτίων..

340 1102 432 1181 Quod
456 1102 635 1163 Callimachi
658 1103 863 1182 fragmentum
885 1101 923 1162 ab
939 1103 1139 1162 Aristaeneto
1162 1103 1195 1162 in
1218 1103 1279 1162 illis
1304 1123 1374 1162 esse

256 1224 435 1285 expressum
446 1204 621 1286 observavit
631 1204 836 1263 Ruhnkenius
849 1225 898 1284 ep.
908 1205 973 1262 erit.
984 1205 1018 1263 II
1029 1224 1059 1283 p.
1071 1212 1128 1276 178,
1141 1205 1188 1264 eui
1201 1205 1373 1263 assentiun-

255 1309 303 1366 tu'r
321 1307 488 1366 Piersonus
510 1307 644 1365 verisim.
667 1327 698 1385 p.
714 1313 749 1368 99
770 1314 801 1364 et
816 1305 1039 1366 Valckenarius
1063 1307 1142 1384 frgg.
1165 1306 1244 1383 eleg.
1264 1326 1295 1384 p.
1312 1314 1373 1364 111.

255 1409 416 1488 proposita
452 1417 554 1466 autem
584 1416 649 1466 erat
677 1408 721 1466 eis
755 1407 828 1465 viris
863 1406 1008 1466 editionis
1034 1408 1194 1466 Romanae
1226 1408 1375 1485 scriptura

254 1496 418 1587 ἀγρσδὲτω,
455 1508 541 1567 unde
573 1509 735 1567 Bentleius
768 1495 879 1585 ἀγρόθι
911 1526 978 1580 ποι,
1012 1509 1151 1587 Toupius
1185 1508 1274 1586 epist.
1309 1509 1374 1566 crit.

255 1633 286 1691 p.
309 1589 358 1674 ser
382 1601 527 1688 ἀγρόνδε,
556 1609 782 1670 Valckenarius
810 1596 916 1686 ἀγρόσε
937 1627 991 1668 τοι.
1038 1609 1146 1688 quibus
1169 1629 1210 1668 ne
1237 1611 1374 1668 immore-

255 1734 333 1786 mur,
367 1710 561 1771 redeundum
594 1711 634 1770 ad
667 1711 870 1771 Laurentiani
904 1713 1084 1790 scripturam
1118 1701 1236 1788 ἀγραδε.
1287 1712 1375 1770 11111

257 1816 339 1874 enim
354 1814 470 1873 formae
492 1813 702 1890 integritatem
724 1815 905 1872 confirmant
919 1813 1104 1892 Apollonius
1121 1812 1160 1872 dc
1178 1811 1250 1872 adv.
1266 1833 1296 1892 p.
1314 1819 1374 1886 594,
1428 1799 1431 1806 ’
1468 1791 1475 1807 ⁰

255 1926 298 1976 25.
322 1924 382 1988 616,
405 1923 448 1975 10.
472 1922 532 1987 617,
549 1922 592 1987 21,
615 1915 750 1973 Ioannes
765 1915 855 1974 Alex.
873 1933 904 1993 p.
920 1922 964 1987 34,
980 1923 1006 1988 7,
1029 1913 1204 1993 Hesychius
1223 1901 1373 1984 ’llis'vuda

257 2016 393 2096 denique
409 2015 504 2074 schol.
520 2016 558 2074 Il.
575 2014 610 2070 Π
621 2021 681 2088 697,
705 2014 757 2073 111
773 2015 918 2074 Lehrsius
936 2023 1069 2094 quaestt.
1087 2035 1136 2095 ep.
1153 2036 1184 2095 p.
1201 2023 1232 2075 11
1248 2003 1375 2092 ἀγρόνδε

257 2117 381 2194 corrigit
408 2105 527 2193 dypuds.
579 2117 631 2196 qui
665 2137 732 2176 oum
766 2117 903 2176 universi
936 2125 1080 2176 testatum
1113 2117 1229 2175 faciant
1265 2107 1376 2194 ἀγραδε

258 2219 371 2312 dictum
394 2238 462 2277 esse
485 2238 540 2297 pro
563 2207 705 2294 ἀγρόνδε,
728 2219 897 2296 respiciunt
919 2218 1084 2278 manifesto
1107 2217 1148 2277 ad
1170 2218 1255 2277 illum
1276 2219 1375 2298 ipsum

258 2320 437 2380 Callimachi
464 2320 656 2381 versiculum.
703 2338 761 2377 nec
797 2318 968 2378 dubitasset
996 2319 1108 2398 opinor
1134 2319 1308 2380 Lobeckius
1336 2320 1376 2379 ad

256 2421 435 2480 Buttmanui
451 2441 575 2498 gramm.
591 2440 671 2480 max.
687 2422 721 2479 H
735 2441 767 2499 p.
783 2429 849 2493 351,
872 2430 971 2480 utrum
991 2402 1254 2498 grammaticorum
1268 2411 1377 2498 ἀγραδε

257 2542 313 2602 pro
336 2523 461 2580 nomine
484 2521 525 2581 sit
546 2521 737 2600 appellativo
767 2542 807 2579 an
830 2523 955 2601 proprio
979 2521 1156 2581 habendum
1169 2519 1203 2599 ¹),
1232 2523 1259 2581 si
1281 2523 1376 2582 scholi

257 2623 458 2682 Laurentiani
483 2641 588 2682 veram
615 2632 723 2682 nosset
751 2627 933 2702 scripturam
961 2613 1078 2699 ἀγραδε.
1124 2622 1198 2703 quid
1220 2643 1294 2682 vero
1317 2625 1376 2683 isto

257 2747 298 2783 ru
320 2723 496 2784 faciendum
517 2725 566 2796 sit,
588 2723 672 2782 haud
695 2725 769 2784 satis
791 2725 899 2803 liquet.
943 2721 996 2797 τοί,
1022 2724 1104 2804 quod
1126 2725 1225 2784 voluit
1246 2725 1377 2785 Valcke-

257 2827 377 2900 narius,
401 2826 570 2885 rectissima
584 2823 724 2884 Meineki
747 2824 964 2884 observatione
982 2825 1100 2886 Callim.
1117 2848 1148 2906 p.
1168 2833 1225 2899 143,
1248 2823 1296 2882 τοί
1308 2846 1377 2905 par-

250 2928 382 2987 'ticulam
404 2947 423 2985 a
446 2926 635 2987 Callimacho
664 2927 771 3005 utique
793 2927 897 2999 vitari,
925 2926 1086 2985 reicienda
1114 2924 1274 2986 evincitur.
1319 2947 1378 2984 nec

257 3047 331 3088 vero
355 3026 470 3087 arridet
484 3029 611 3089 Bentlei
633 3025 687 3086 ποί
706 3028 779 3086 licet
794 3028 982 3087 Buttmanno
1005 3027 1168 3106 probatum
1189 3029 1210 3086 l.
1228 3049 1252 3086 c.
1268 3048 1299 3107 p.
1315 3039 1376 3090 351.

258 3129 403 3209 equidem
425 3129 477 3187 ubi
499 3129 721 3209 paraphrastae
736 3129 860 3206 singula
874 3129 970 3188 verba
985 3149 1052 3187 cum
1069 3128 1282 3189 Callimacheis
1298 3150 1377 3188 oom-

258 3251 356 3310 pono,
381 3250 417 3291 eo
442 3232 598 3311 opinionis
620 3231 728 3305 ducor,
753 3239 786 3289 ut
808 3240 932 3310 poetam
954 3231 1115 3308 scripsisse
1137 3240 1256 3309 putem:

452 3355 563 3443 ἀγραδε
585 3364 627 3446 τῷ
649 3359 779 3446 πόσῃσιν
801 3360 849 3423 ἐπὶ
871 3354 1057 3444 προχόνγσιν
1080 3361 1190 3440 ἐφοίτα.

259 3519 339 3579 quae
361 3500 387 3558 si
410 3501 453 3559 ita
475 3499 721 3579 interpretabere
742 3500 848 3574 ‘idem
871 3502 1001 3576 scilieet,
1026 3503 1099 3582 quia
1121 3510 1240 3581 patrem
1254 3520 1377 3581 revere-

257 3600 361 3672 batur,
383 3621 434 3660 rus
457 3601 582 3674 itabat',
605 3601 638 3660 id
652 3622 746 3660 unum
766 3603 881 3681 poterit
896 3602 989 3677 obici,
1014 3603 1097 3683 quod
1113 3602 1190 3662 illud
1205 3603 1247 3684 τῷ
1261 3604 1379 3663 malunt

260 3710 372 3781 poetae
394 3703 483 3762 initio
505 3722 613 3764 versus
636 3723 767 3782 ponere,
796 3705 822 3763 si
846 3703 971 3783 quidem
993 3706 1168 3765 sententiae
1190 3699 1378 3764 continuitas

328 3954 347 4018 ¹)
366 3955 422 4006 Aua
439 3959 489 4006 den
506 3957 602 4006 Stellen
620 3959 668 4006 der
687 3957 878 4014 Grammaliker,
897 3958 939 4007 die
956 3973 1004 4007 ooo
1021 3946 1131 4020 ἀγραδε
1148 3957 1283 4022 spreelseu,
1300 3958 1334 4007 ist
1352 3972 1379 4006 ea

259 4041 327 4090 11111
344 4038 408 4097 klor,
428 4041 458 4091 ob
477 4043 524 4092 dae
542 4041 692 4105 Appellatio
709 4043 772 4092 oder
790 4043 838 4092 der
856 4039 987 4092 0111111111
1003 4043 1112 4106 pemeinl
1128 4043 1179 4099 sei,
1198 4044 1248 4092 den
1265 4041 1378 4106 Hesycll.

256 4115 392 4175 Ώλὲναδε
414 4113 582 4187 ὦς”ἀγραδε
604 4141 635 4174 zu
657 4125 807 4175 bezeichnen
829 4127 935 4176 sebeinl.
970 4125 1378 4176 31101111111111111111111111

264 4209 426 4259 Valclcemrer
443 4198 556 4273 ἀγρόσε.
592 4209 716 4272 Hesychi
734 4200 845 4274 ἀγραδε
859 4210 893 4260 ad
907 4209 975 4259 illud
987 4209 1154 4260 Callimachi
1167 4209 1220 4276 frg.
1233 4213 1295 4275 post
1307 4207 1378 4258 alios

260 4293 416 4359 nuperrime
433 4292 540 4344 rettulit
551 4293 708 4346 Dindorfius
728 4293 857 4359 11181111.
872 4293 1019 4360 Antig.eo.
1040 4300 1162 4346 ceterum
1179 4292 1213 4344 de
1232 4292 1378 4344 adverbio·

260 4393 318 4427 rum
336 4378 416 4429 huius
434 4377 546 4444 generis
563 4378 691 4443 prosodia
710 4377 835 4450 exposuit
852 4362 984 4430 Lehrsius
1003 4383 1122 4444 quaestt.
1141 4393 1184 4443 ep.
1203 4393 1230 4443 p.
1247 4379 1283 4429 40
1300 4392 1360 4442 sqq.
