3254 5158
720 390 927 480 -οο-

267 567 365 646 primo
388 567 456 625 visu
478 564 662 644 praecordia
683 535 900 642 trandfigentes
922 562 1033 622 talibus
1050 563 1225 641 exprimunt
1240 564 1384 622 acumini·

266 668 339 727 bus:
362 669 452 726 Hom.
477 663 575 730 Ξ294
598 654 637 736 ὧς
660 655 687 722 δ’
713 662 788 740 ἴδεν,
813 657 851 736 ὥς
873 685 925 740 μιν
949 660 1021 740 ἴρως
1043 653 1173 734 ποκινάς
1195 660 1307 742 φρένας
1328 657 1383 741 ἆμ-

266 761 452 846 φεκάλοψεν.
499 768 631 828 Theocr.
660 769 695 828 II
721 775 770 842 82,
806 766 858 826 ubi
887 768 919 825 in
950 786 1063 845 pompa
1092 775 1215 826 euntem
1243 767 1382 847 Delphin

269 870 356 930 videt
378 872 481 948 virgo,
515 857 574 945 χύς
603 867 684 940 ἴδον,
710 859 749 939 ὥς
772 857 893 948 ἕμάνην.
938 867 1021 927 idem
1043 869 1094 927 III
1116 877 1150 930 42
1174 857 1213 938 ὥς
1236 864 1316 941 ἴδεν,
1346 857 1384 939 ὦς

267 963 374 1048 ἐμάνη,
398 960 438 1041 ὡς
460 968 500 1041 εἰς
522 962 626 1046 βαθύν
647 961 732 1029 (ἵλατ’
757 966 859 1047 ἴρωτα.
902 970 997 1047 Verg.
1020 968 1088 1028 buc.
1111 970 1193 1030 VIII
1214 977 1245 1031 41
1269 980 1298 1028 ut
1318 974 1383 1039 vidi,

268 1082 299 1132 ut
324 1078 415 1148 perii,
446 1073 617 1152 eademque
647 1074 790 1151 leguntur
814 1070 875 1131 Cir.
899 1079 959 1134 429.
1005 1069 1063 1131 0v.
1086 1071 1152 1130 her.
1179 1071 1259 1130 XVI
1283 1061 1385 1134 133'ar

269 1179 339 1242 uidi,
369 1178 513 1248 obstupui,
536 1178 770 1248 praecordiaque
797 1177 897 1232 intima
919 1177 997 1232 scusi
1021 1171 1025 1248 Ι
1052 1177 1187 1231 attonitus
1208 1176 1288 1231 curis
1309 1177 1383 1230 iutu-

269 1279 374 1334 muisse
396 1281 483 1335 nouis.
529 1275 611 1334 idem
639 1283 711 1335 met.
734 1276 816 1336 VIII
838 1283 890 1338 324
917 1278 993 1334 hanc
1017 1277 1134 1348 paritor
1162 1277 1247 1343 vidit,
1267 1277 1384 1347 pariter

273 1381 447 1453 Calydonius
468 1380 554 1436 toros
572 1372 578 1457 1
597 1381 715 1451 optauit.
750 1385 781 1437 et
803 1377 877 1436 ibid.
900 1377 950 1436 XI
972 1386 1022 1439 305
1046 1379 1141 1448 vidoro
1164 1378 1240 1434 tuuc
1258 1383 1383 1449 paritor,

265 1484 381 1554 paritor
409 1487 531 1537 traxere
559 1483 692 1565 colorem.
739 1478 847 1558 quibus
876 1478 979 1537 vicina
1012 1474 1084 1537 sunt
1117 1497 1196 1557 quae
1229 1477 1384 1536 inferioris

270 1583 380 1642 aetatis
403 1591 516 1661 poetae
539 1580 759 1660 sophistaeque
783 1580 822 1639 de
846 1580 1000 1639 oculorum
1023 1579 1062 1638 ad
1092 1599 1225 1638 amorem
1249 1579 1383 1638 excitan-

270 1685 342 1746 dum
364 1685 396 1742 vi
418 1704 454 1742 ac
482 1691 637 1762 potestate
666 1681 857 1756 fabulantur,
887 1689 1024 1741 terentes
1055 1681 1083 1740 ei
1105 1691 1138 1741 ut
1161 1679 1300 1740 eiusdem
1323 1682 1384 1740 alia

268 1786 407 1844 Platonis
430 1782 506 1844 illud
530 1784 663 1843 Phaedr.
687 1794 718 1846 31
743 1806 773 1863 p.
797 1793 845 1846 251
863 1785 889 1843 Β
905 1772 1076 1858 δεξάμενος
1105 1775 1161 1859 γὰρ
1183 1781 1237 1840 τοῦ
1259 1773 1385 1852 κάλλους

268 1880 322 1961 τὴν
344 1873 499 1963 άντορροὴν
523 1879 571 1942 διὰ
593 1884 654 1943 τῶν
682 1875 821 1961 ὀμμάτων
851 1875 1027 1961 ἐθερμάνθη
1056 1905 1082 1944 e.
1107 1905 1138 1964 q.
1160 1905 1185 1944 s.
1208 1884 1246 1942 cf.
1271 1884 1383 1944 Achill.

270 1989 341 2047 Tat.
365 1988 381 2047 I
403 1996 463 2060 4,4
485 1975 523 2056 ὡς
547 1982 579 2045 δὲ
601 1977 690 2058 εἶδον,
714 1973 807 2056 εύθύς
829 1973 1014 2044 άτιωλάλειν·
1037 1978 1146 2055 κάλλος
1167 1976 1225 2062 γάρ
1248 1977 1385 2063 ὀξύτερον

270 2082 423 2167 stupuisset
447 2083 551 2164 βέλους
573 2084 624 2146 καὶ
647 2077 697 2146 διά
720 2087 778 2146 τῶν
799 2079 970 2164 ὀφθαλμῶν
993 2082 1022 2158 ἒς
1037 2077 1091 2162 τὴν
1106 2076 1208 2164 ψυχὴν
1230 2091 1374 2165 καταρρεῖ
1378 2132 1384 2144 .

270 2177 465 2266 ὀφθαλμὸς
501 2177 568 2266 γάρ
605 2179 688 2260 δδὸς
725 2185 889 2270 ἐρωτικηῐ
925 2179 1145 2267 τραύματιῖ)
1191 2190 1385 2249 cuiusmodi

268 2292 359 2370 plura
395 2311 580 2370 congessere
611 2292 810 2351 Heinrichius
844 2291 884 2350 ad
913 2292 992 2351 Mun.
1026 2291 1066 2350 dc
1096 2292 1172 2350 Her.
1199 2312 1229 2350 ν.
1252 2299 1384 2366 92-95,

270 2393 505 2473 Peerlkampius
529 2393 570 2452 ad
585 2393 734 2472 Xenoph.
756 2393 838 2472 Eph.
862 2414 893 2472 p.
912 2400 970 2466 103,
995 2392 1151 2452 Iacobsius
1175 2393 1329 2452 animadv.
1346 2393 1385 2453 ad

272 2494 358 2553 anth.
383 2495 436 2556 Gr.
461 2496 477 2553 Ι
502 2507 512 2557 1
537 2517 568 2574 p.
595 2505 634 2568 19,
658 2496 804 2554 Pricaeus
827 2495 866 2553 ad
883 2483 976 2573 Apul.
1000 2504 1069 2560 met,
1091 2495 1124 2553 X
1146 2503 1163 2557 3
1186 2496 1235 2554 ed.
1260 2493 1385 2555 Ouden-

271 2596 359 2676 dorp.
382 2597 433 2656 ΙΙΙ
455 2618 486 2676 p.
503 2605 569 2670 375,
595 2617 722 2676 quorum
746 2597 895 2676 exemplis
918 2596 1003 2655 facili
1026 2597 1152 2675 negotio
1175 2606 1303 2675 possent
1326 2598 1386 2656 alia

271 2699 368 2758 multa
391 2698 517 2758 adstrui.
549 2707 642 2778 atque
659 2698 767 2758 eodem
783 2697 863 2756 redit
886 2698 1042 2758 sententia
1064 2698 1217 2778 quaedam
1239 2701 1386 2759 aNonno

272 2801 485 2880 frequentata,
511 2820 591 2881 quae
616 2821 685 2859 eam
706 2800 801 2859 hahet
823 2800 972 2879 speciem,
996 2807 1029 2858 ut
1052 2798 1272 2860 aOallimacho
1296 2802 1386 2861 facile

271 2902 413 2962 videatur
428 2903 577 2982 profecta,
593 2923 660 2962 oum
674 2902 855 2981 praesertim
872 2901 1004 2961 eandem
1020 2901 1103 2980 apud
1115 2900 1259 2963 Ovidium
1275 2923 1386 2982 cogna-

271 3013 375 3063 tumve
404 3012 529 3083 poetam
556 3005 662 3082 legere
691 3004 896 3062 meminerim:
929 3003 1024 3062 Dion.
1047 3004 1111 3064 VII
1133 3011 1184 3066 279
1213 3003 1303 3084 φιλίῳ
1330 2993 1388 3082 γάρ

270 3102 345 3181 ἔρως
372 3102 440 3163 πέλε
468 3097 602 3181 θαύματι
624 3103 746 3182 γείτων,
774 3106 807 3165 Χ
828 3113 880 3168 289
908 3097 1041 3181 θαύματι
1063 3103 1187 3181 φίλτρον
1210 3103 1284 3181 ἴχων
1306 3126 1387 3165 κεκε-

270 3203 431 3284 ρασμένου,
459 3207 554 3266 XLII
582 3215 617 3268 42
645 3199 765 3282 θάμβος
793 3201 869 3282 ἔχων
898 3196 1038 3284 ὀχετηγδν
1066 3202 1094 3276 ἴς
1123 3204 1240 3285 ἵμερον,
1263 3209 1387 3268 XLVII

270 3315 319 3370 271
344 3328 413 3388 sqq.
437 3297 589 3382 ύττναλῖην
613 3303 644 3366 δὲ
669 3308 673 3384 Ι
698 3294 835 3385 άθρήσας
860 3298 1005 3378 Διόνυσος
1034 3303 1178 3385 ἴρημαῖην
1196 3299 1358 3384 Ἀριάδνην
1381 3304 1384 3390 l

270 3399 404 3485 θαύματι
426 3409 509 3484 μῑξεν
532 3405 633 3486 ἴρωτα.
679 3429 806 3488 quorum
835 3411 934 3469 simile
963 3410 1081 3491 aliquid
1105 3410 1327 3470 Callimachum
1350 3432 1386 3471 eo

270 3512 337 3570 loco
353 3511 521 3570 inseruisse
535 3509 588 3569 ubi
603 3509 767 3570 Aeantium
783 3511 856 3571 fecit
873 3511 1049 3592 Cydippam
1064 3513 1274 3592 conspicatum
1289 3533 1387 3592 prope
1421 3491 1426 3502 ’

271 3620 386 3672 certum
408 3611 602 3671 crediderim.
648 3631 684 3670 ac
706 3612 811 3693 ioman
835 3614 874 3673 de
890 3615 1020 3674 Acontio
1043 3615 1203 3693 usurpavit
1226 3613 1386 3692 epitheton

272 3712 355 3794 quod
377 3713 471 3773 habet
500 3714 675 3792 Hesychius
707 3713 745 3774 ab
769 3715 873 3795 aliquo
895 3725 988 3794 poeta
1010 3717 1078 3775 sine
1102 3714 1195 3775 dubio
1218 3723 1386 3794 sumptum:

271 3812 417 3892 ἴδέρωςι
438 3805 454 3904 δ
476 3805 539 3891 dua
559 3815 602 3897 τῷ
624 3813 699 3874 ἰδεῖν
722 3811 809 3895 ἐρῶν.
846 3817 903 3877 sed
926 3817 966 3876 ad
990 3815 1179 3877 Ouidianum
1200 3817 1277 3876 illud
1302 3817 1386 3876 disti·

271 3918 350 3977 ohan
373 3927 407 3977 ut
421 3916 598 3991 redeamus,
622 3919 795 3997 perinsigni
810 3919 868 3978 hoc
883 3919 997 3978 lumine
1015 3919 1089 3998 quin
1104 3918 1165 3977 iam
1181 3917 1386 3978 Callimachus

339 4168 358 4233 ¹)
377 4171 468 4220 Etiam
481 4171 550 4221 illud
562 4172 676 4221 multum
691 4176 733 4222 est
745 4176 874 4222 vexatum
887 4172 958 4237 quod
976 4161 1034 4222 dai
1047 4167 1098 4221 τοῦ
1111 4165 1186 4234 ὀροῖν
1198 4163 1230 4220 τὸ
1243 4162 1322 4234 δρᾶν.
1348 4171 1385 4222 cl.

235 4309 239 4318 ‚
270 4256 481 4307 Boissonadium
505 4255 539 4306 ad
557 4256 721 4306 Philostrati
745 4255 878 4322 epistulas
901 4272 927 4321 p.
947 4257 1003 4307 191.
1040 4247 1149 4306 omnino
1168 4255 1268 4305 multus
1286 4256 1340 4306 hoc
1359 4256 1388 4306 in

270 4340 332 4391 lusu
350 4357 402 4393 nec
420 4342 519 4393 infelix
537 4346 578 4392 est
596 4339 790 4392 Philostratus.
815 4340 860 4390 cf.
882 4340 962 4405 epist.
982 4342 1021 4400 10,
1041 4342 1080 4399 11.
1099 4342 1139 4402 12,
1159 4341 1191 4389 41
1209 4341 1295 4404 Kays.
