3254 5158
686 417 899 482 ..53-

231 605 330 676 pater,
355 594 407 675 qui
431 603 461 653 et
483 594 550 672 ipse
566 600 722 672 superstes
739 601 804 653 erat
815 587 850 670 ¹),
875 613 939 652 non
955 594 1045 652 simul
1059 595 1172 653 Delum
1189 590 1346 673 profectus

230 691 306 773 sit,²)
331 697 434 756 dicere
450 695 594 776 equidem
609 715 673 753 non
688 694 798 754 habeo.
827 696 960 753 ominum
976 697 1164 756 mentionem
1179 696 1262 755 XXI
1276 717 1345 776 sqq.

232 819 267 859 eo
290 796 481 877 probabilius
505 797 545 856 ad
562 795 782 857 Callimachum
803 797 968 870 rettuleris,
993 817 1053 876 quo
1076 798 1161 856 illurn
1183 798 1346 858 studiosio-

233 921 296 961 rem
318 901 425 959 talium
448 899 542 958 fuisse
560 881 725 976 constatb.
750 918 785 957 ac
807 899 903 976 magis
927 899 1019 957 etiam
1041 900 1073 958 in
1095 899 1178 958 hunc
1200 900 1347 958 convenit

229 1010 295 1061 tota
311 1001 493 1061 curiositatis
510 1000 633 1079 puellae
650 998 817 1078 descriptio
835 1020 863 1058 v.
879 996 1029 1076 77—84.⁴)
1056 1001 1088 1058 in
1105 1000 1214 1080 quibus
1232 1001 1346 1079 dignis-

230 1104 307 1163 sima
329 1101 517 1162 Callimacho
547 1109 609 1176 est,
648 1102 674 1161 si
704 1121 794 1182 quem
821 1102 929 1162 horum
956 1111 1078 1178 gustum
1104 1102 1222 1177 habeo,
1249 1103 1346 1163 haece

231 1205 389 1265 sententia
411 1204 533 1263 acutula
555 1224 585 1263 v.
607 1211 642 1266 83
664 1224 711 1283 sq.

272 1376 358 1432 quom
382 1359 496 1430 (Delon)
516 1360 624 1430 procul
645 1363 678 1414 ut
700 1360 769 1425 οἱοὶ,
794 1358 884 1430 ‘quid
903 1373 947 1414 me
967 1356 1060 1430 fupis,
1084 1360 1209 1428 insulo’,
1231 1361 1310 1425 dixi,

398 1457 522 1537 ‘laberis
543 1461 573 1515 in
596 1477 697 1533 mopno
720 1461 872 1531 numquid,
895 1467 927 1516 ut
948 1467 1028 1525 onte,
1051 1459 1162 1515 mari?'

230 1611 285 1671 sub
308 1631 473 1690 vesperum
496 1611 536 1670 ad
551 1611 665 1670 Delum
689 1611 861 1689 appellunt.
905 1610 957 1670 ubi
980 1619 1193 1690 pernoctatum
1215 1620 1291 1691 puta
1312 1613 1346 1670 in

229 1713 352 1792 publico
374 1712 612 1773 Atheniensium
640 1709 860 1789 hestiatorio.⁵)
905 1711 1055 1792 postridie
1083 1732 1174 1771 manc
1198 1711 1345 1792 Cydippe
1391 1793 1397 1808 ·

230 1815 372 1874 sollemni
393 1815 507 1873 vestitu
531 1822 702 1894 ornatuque
724 1813 877 1874 induitur:

230 2009 431 2018 ——-—-

297 2134 317 2200 ¹)
337 2134 380 2186 Cf.
400 2135 539 2188 Aristaen.
557 2137 654 2199 p.130‚
674 2136 714 2187 15.
729 2136 760 2184 18
779 2138 891 2186 nostrae
910 2136 952 2187 ed.
967 2139 994 2186 et
1008 2152 1050 2200 ep.
1065 2135 1115 2184 XX
1128 2136 1187 2196 199,
1207 2135 1271 2185 XXI
1285 2137 1343 2186 171.

297 2237 317 2301 ²)
336 2239 397 2288 Hoc
416 2237 540 2301 sequitur
558 2252 591 2286 ex
609 2236 675 2287 XXI
693 2238 725 2288 91
742 2239 1021 2303 mortuummare,
1046 2251 1135 2300 neque
1154 2251 1268 2301 usquam
1287 2238 1346 2286 eius

229 2324 333 2374 mentio
355 2321 468 2372 inicitur
490 2321 518 2369 in
541 2322 701 2372 narratione
724 2321 790 2371 XXI
808 2323 943 2372 65-114.
968 2326 1043 2371 errat
1061 2321 1147 2386 igitur
1165 2322 1347 2372 Buttmannus

229 2408 247 2458 1.
267 2425 290 2460 e.
308 2423 335 2472 p.
355 2409 411 2468 117,
432 2406 478 2471 qui
493 2414 628 2470 parentem
645 2422 671 2458 v.
691 2410 724 2458 93
744 2423 794 2472 pro
812 2411 892 2471 patre
910 2405 1019 2456 videtur
1036 2406 1177 2456 habuisse.

295 2507 316 2573 3)
336 2507 534 2560 caroenum
552 2509 620 2558 Hec.
640 2525 666 2573 p.
685 2510 747 2568 244,
767 2509 927 2559 Heckerum
946 2512 1093 2560 comment.
1113 2508 1221 2559 Callim.
1242 2525 1267 2574 p.
1289 2510 1344 2560 100.

295 2607 316 2671 4)
335 2609 428 2658 Etiam
446 2611 558 2660 condida
575 2610 655 2660 Delos
672 2625 698 2660 v.
712 2612 745 2661 82
762 2610 837 2660 haud
856 2610 939 2660 dubie
959 2627 973 2660 e
993 2609 1108 2660 Graecis
1126 2611 1245 2662 ductum.
1265 2611 1344 2659 Anti—

229 2698 309 2758 pater
326 2692 506 2743 Macedonius
526 2693 601 2742 anth.
620 2693 651 2743 P.
670 2695 710 2744 IX
725 2696 775 2744 421
796 2695 836 2744 ait
854 2695 888 2745 de
908 2693 1088 2758 Cycladibus:

379 2793 399 2878 ἦ
418 2802 447 2877 ῥ’
464 2803 541 2877 ὑμᾶς
560 2803 696 2874 ἐδίδαξεν
715 2805 766 2862 ἕνα
784 2807 891 2873 τρόπον
908 2802 927 2879 ἦ
945 2827 1028 2863 ποτε
1047 2804 1152 2876 λευκὴ

402 2937 404 2942 .
431 2895 537 2962 Δῆλος,
558 2889 698 2961 ἐρημαῖον
717 2894 855 2962 δαίμονος
873 2889 1029 2962 ἄρξαμένη.

181 3048 183 3052 -
229 3016 372 3066 Iacobsius
392 3015 519 3065 adnotat:
538 3009 625 3081 λευκή
644 3022 682 3066 est
700 3007 825 3080 λαμπροί.
853 3019 882 3066 at
900 3016 1002 3066 rectius
1022 3030 1082 3064 cum
1095 3015 1348 3066 VlriehsioReIscn

230 3100 285 3149 und
302 3099 500 3167 Forsehungen
519 3101 549 3149 in
568 3099 773 3150 Griechenland
790 3100 818 3150 11
835 3117 861 3166 p.
881 3103 930 3153 206
953 3100 1173 3165 interpretabere
1198 3100 1231 3149 de
1251 3099 1348 3150 aedifi·

231 3188 334 3236 ciorum
352 3201 485 3236 marmore
510 3185 686 3236 candidorum
704 3184 878 3236 multitudine
897 3202 911 3235 e
930 3184 1079 3250 longInquo
1099 3183 1269 3234 conlucente.
1294 3185 1347 3234 ita·

231 3285 282 3334 que
305 3268 412 3320 fallitur
435 3284 496 3319 cum
520 3271 718 3336 interpretibus
742 3270 826 3321 Ovidi
850 3269 1030 3320 Schwenkius
1052 3269 1171 3319 Deliaca
1194 3270 1208 3319 I
1231 3286 1257 3335 p.
1277 3271 1308 3333 6,
1331 3272 1347 3318 2

231 3353 279 3416 (cf.
297 3370 325 3419 p.
344 3353 402 3420 19),
427 3357 472 3420 qui
495 3356 615 3405 nominis
638 3355 771 3420 originem
796 3369 812 3404 a
829 3358 914 3420 poeta
931 3355 1033 3405 Latino
1051 3353 1204 3420 significari
1221 3355 1349 3419 putebat.

231 3441 352 3488 ceterum
370 3439 489 3490 fortasse
508 3440 561 3490 hoc
580 3440 638 3490 fere
656 3438 719 3490 loco
732 3438 918 3490 Callimachus
935 3440 1022 3490 verba
1041 3439 1180 3489 adhibuit:
1199 3435 1281 3489 καλοὶ
1300 3455 1348 3504 νη-

231 3515 307 3574 οοῖων
325 3514 448 3588 α’στὲρες.
479 3525 506 3574 id
526 3525 598 3575 enim
617 3524 668 3588 frg.
690 3525 760 3590 quod
779 3526 840 3576 sine
854 3524 973 3575 auctoris
986 3525 1095 3574 nomine
1109 3525 1211 3574 citatur
1222 3524 1250 3572 in
1262 3522 1348 3575 schol.

230 3608 262 3660 Il.
279 3609 301 3658 Τ
318 3611 331 3658 1
351 3609 531 3674 probabiliter
550 3609 721 3659 Callimacho
741 3609 955 3675 adscripserunt,
974 3625 1062 3674 neque
1080 3624 1146 3660 vero
1165 3606 1348 3673 improbabile

232 3696 280 3752 est,
300 3693 437 3757 Cycladas
455 3694 558 3752 notari,
587 3709 656 3758 quac
677 3697 718 3744 est
736 3695 875 3744 sententia
892 3694 1017 3745 Meineki
1034 3694 1116 3746 diatr.
1136 3693 1171 3744 ad
1189 3692 1299 3743 Callim.
1319 3693 1348 3740 in

230 3776 292 3827 Del.
311 3779 352 3828 66.
389 3779 538 3843 Dionysius
555 3779 699 3844 periegeta
717 3780 767 3830 530
784 3793 823 3843 sq.

434 3895 517 3962 νῆσοι
537 3887 567 3947 d'
586 3887 680 3962 ἑξείης
698 3891 852 3958 Σποράδες
870 3887 1162 3961 περιταμφανόωοιο,

433 3976 497 4032 οἷον
516 3969 561 4032 ὅτ’
578 3973 733 4045 dorostoro
752 3971 794 4030 δι’
812 3973 897 4045 η’ἐρος
916 3968 1144 4044 attrectatores.

231 4099 364 4149 Horatius
391 4115 473 4151 carm.
497 4099 575 4162 114,
601 4102 632 4150 19
651 4113 690 4163 sq.
719 4097 857 4163 Cycladas
883 4098 953 4150 dicit
979 4100 1095 4149 nitentes.
1133 4114 1166 4148 ac
1193 4097 1264 4148 Delo
1291 4097 1347 4162 ipsi

182 4225 186 4232 ,
231 4183 358 4233 Asteriae
376 4184 495 4248 priscum
514 4197 613 4232 nomen
636 4183 722 4234 fuisse
746 4186 864 4234 constat.
893 4184 978 4233 maris
996 4183 1067 4234 Ionii
1089 4182 1180 4234 insula
1195 4172 1312 4245 Ἀστερίς
1331 4197 1348 4231 a

232 4268 322 4319 Plinio
340 4284 366 4320 n.
384 4268 410 4319 h.
429 4268 468 4318 IV
488 4269 519 4317 12
539 4266 592 4330 (19)
611 4272 784 4318 memoratur.

300 4368 323 4436 5)
344 4369 387 4422 Cf.
406 4369 612 4421 Boetticherum
631 4368 724 4435 philol.
743 4369 838 4421 XVIII
855 4386 881 4436 p.
899 4372 941 4420 41.
