3284 5158
663 373 807 492 *¹121
853 463 895 476 -

223 601 307 660 mina
336 601 459 660 soleant
498 599 536 659 ab
578 601 765 678 argumentis
805 602 903 680 petita
933 597 1049 679 esse¹)‚
1083 601 1248 682 Cydippae
1280 624 1336 663 no-

222 722 294 762 men
316 702 391 761 licet
413 701 505 761 facile
527 702 567 762 sit
590 700 732 761 derivata
757 702 842 761 nullo
868 710 958 781 pacto
984 705 1017 762 in
1038 703 1172 763 fabulam
1197 704 1336 784 quadrat.

223 812 255 863 at
285 804 368 862 enim
398 803 457 862 hoc
485 824 549 863 non
577 823 645 862 raro
676 823 732 864 usu
761 806 867 864 evenit
893 806 926 864 in
956 826 992 865 eo
1021 824 1152 883 genere,
1181 813 1214 864 ut
1236 806 1337 865 nullus

223 907 381 966 nominum
408 925 475 964 cum
504 913 683 982 argumento
707 925 804 966 nexus
828 906 916 966 nobis
942 907 1082 985 dignosci
1105 914 1208 986 queat.
1254 906 1336 987 quod

222 1007 392 1067 rettulerim
415 1005 456 1066 ad
477 1007 569 1065 miras
592 1006 820 1068 vicissitudines
851 1028 926 1088 quas
948 1009 1007 1068 hae
1029 1008 1175 1067 historiae
1199 1007 1337 1068 diversas

223 1110 374 1188 deinceps
401 1101 546 1187 regiones
574 1116 779 1187 pervagatae,
808 1107 901 1169 variis
929 1110 1021 1170 rebus
1048 1110 1187 1189 locisque
1209 1109 1337 1190 adapta-

222 1219 273 1270 tae
295 1210 455 1271 subierunt
476 1210 661 1289 pleraeque,
691 1209 730 1268 ad
759 1211 901 1269 similium
923 1210 1094 1270 fabularum
1115 1211 1337 1289 permixtiones

223 1313 420 1373 confusiones
443 1311 719 1372 contaminationes
742 1310 830 1371 nobis
852 1332 975 1391 prorsus
990 1311 1231 1372 inextricabiles.
1263 1333 1337 1393 quos

223 1413 347 1494 quidem
376 1433 464 1472 casus
488 1411 654 1492 Cydippae
683 1433 807 1493 quoque
834 1413 967 1472 fabulam
995 1412 1078 1472 haud
1108 1414 1257 1487 evitasse,
1286 1415 1338 1474 vel

221 1516 295 1575 hinc
317 1515 431 1593 conligi
454 1522 569 1594 potest,
595 1514 678 1595 quod
700 1515 733 1572 in
757 1535 794 1573 ea
815 1516 928 1594 primas
952 1523 1047 1593 agunt
1062 1515 1149 1593 virgo
1165 1515 1337 1575 Athenien-

221 1619 278 1691 sis,
304 1616 486 1676 adulescens
504 1615 593 1690 Oous,
618 1617 756 1696 quamvis
771 1617 901 1676 Deliaco
925 1615 1045 1676 cuidam
1067 1617 1138 1676 ritui
1160 1617 1338 1699 inservierit

222 1718 419 1799 explicando.
465 1725 496 1777 et
517 1718 576 1778 hoc
598 1726 681 1777 certe
690 1718 777 1778 ‘licet
799 1718 961 1778 affirmare.
998 1727 1033 1778 ut
1055 1737 1160 1777 omnes
1183 1719 1337 1796 legendae

221 1841 302 1902 quae
332 1819 456 1900 quidem
479 1819 620 1910 ‘eandem
648 1839 739 1900 quam
760 1820 815 1879 illa
836 1819 952 1899 probae
974 1821 1135 1879 vetustatis
1158 1827 1262 1879 notam
1285 1817 1336 1900 ge-

221 1931 307 1996 rant,
336 1922 434 2000 primo
457 1923 526 1980 sine
549 1921 651 1981 colore
674 1921 858 1999 aetiologico
887 1921 996 2000 populi
1025 1940 1077 1980 ore
1105 1921 1336 1980 circumfereba-

159 2031 161 2036 '
219 2033 277 2097 tur,
302 2022 403 2084 donec
426 2021 547 2082 deflexa
569 2023 673 2083 nescio
698 2021 807 2101 quibus
828 2021 928 2082 modis
951 2021 1105 2101 rebusque
1127 2023 1265 2082 Deliacis
1289 2044 1336 2083 ac-

221 2127 382 2186 comodata
411 2144 478 2183 cum
506 2124 638 2203 nuptiali
668 2122 800 2203 quadam
830 2124 1015 2183 caerimonia
1036 2124 1168 2183 Deliaca
1196 2134 1337 2185 conecte-

218 2234 304 2286 retur
325 2245 401 2286 sane
424 2233 571 2303 cognata,
596 2245 663 2285 cum
685 2245 724 2285 ex
747 2223 857 2284 eodem
879 2221 1018 2304 symbolo
1038 2233 1131 2305 atque
1147 2225 1216 2304 ipsa
1230 2225 1337 2285 fabula

219 2336 386 2392 manasset.
418 2327 506 2406 plura
529 2327 554 2385 si
577 2327 679 2395 rimari
701 2327 860 2400 vellemus,
884 2335 1005 2386 nosmet
1026 2326 1131 2387 hercle
1146 2328 1336 2407 privaremus

221 2429 315 2490 laude
343 2429 463 2488 virtutis
498 2448 517 2486 a
548 2426 741 2506 Quintiliano
772 2427 1020 2501 commendatae,
1056 2429 1109 2508 qui
1135 2428 1266 2502 diceret,
1297 2429 1336 2488 de

221 2532 352 2593 vetustis
374 2529 510 2590 historiis
534 2529 637 2608 aliqua
660 2530 855 2608 grammatico
880 2548 948 2589 esse
970 2529 1148 2589 nescienda.

304 2634 372 2691 Iam
393 2651 510 2692 summa
532 2632 672 2710 promissi
695 2651 751 2710 pro
773 2631 855 2690 virili
877 2639 966 2709 parte
989 2631 1142 2709 completa
1163 2651 1256 2690 unum
1278 2631 1336 2690 hoc

218 2736 365 2795 relicuum
381 2742 456 2807 esto,
479 2733 568 2792 utin
591 2741 688 2792 artem
709 2741 803 2812 atque
825 2731 962 2791 indolem
974 2730 1206 2797 Callimacheae
1228 2753 1334 2792 narra-

218 2838 313 2897 tionis
341 2843 505 2915 utcumque
533 2833 764 2913 redintegratae
794 2853 960 2913 parumper
988 2834 1169 2892 intueamur.
1214 2835 1246 2893 in
1276 2854 1335 2913 quo

219 2939 323 2999 aetion
345 2938 453 2996 merito
477 2938 686 3017 neglegemus,
711 2938 857 3017 quoniam
877 2937 936 2995 isto
953 2954 1003 2994 res
1025 2934 1197 2996 subtexitur
1210 2956 1335 3014 prorsus

285 3189 306 3255 ¹)
325 3189 490 3240 Welckerus
507 3189 546 3241 kl.
565 3189 641 3240 Schr.
660 3191 675 3240 1
692 3207 719 3256 p.
741 3190 789 3239 186
804 3205 843 3254 sq.
879 3189 919 3240 Es
935 3191 970 3239 ist
987 3191 1028 3239 ein
1043 3204 1150 3253 prosser
1166 3188 1337 3238 Vaterselrr'ed

216 3276 340 3328 zwisalten
362 3275 516 3340 mythiselren
533 3276 677 3333 Personen,
701 3276 743 3325 die
765 3277 791 3324 in
814 3276 861 3325 der
879 3273 947 3336 Sape
965 3276 1006 3324 ein
1022 3274 1222 3338 selbstaendipes
1238 3274 1335 3324 Daseia

216 3362 311 3420 laben,
329 3362 382 3410 und
397 3362 470 3410 sollte
489 3375 516 3410 es
534 3377 582 3410 nur
599 3362 626 3409 in
643 3362 691 3410 der
708 3359 787 3410 Stella
805 3359 935 3418 bestelren,
959 3359 1001 3409 die
1023 3360 1061 3408 sr'e
1078 3360 1104 3408 in
1122 3364 1193 3408 einer
1212 3358 1335 3410 Genealo-

215 3447 257 3510 pte
275 3446 427 3503 einnelmen,
446 3447 499 3495 aad
513 3446 615 3495 solelen
628 3446 732 3503 Numen,
750 3446 844 3494 welelre
861 3460 909 3494 nar
926 3459 980 3494 zum
991 3443 1082 3506 Belus
1095 3445 1166 3493 einer
1177 3444 1336 3509 Dicltonp

216 3501 1335 3594 trebermensclrlielreSelrielrsaleondEmplindudpenanpenommenm'ad.

217 3615 291 3664 Auel
308 3630 342 3663 un
359 3616 401 3664 die
418 3614 571 3678 mythiselren
583 3614 716 3664 Personen
733 3614 851 3664 leoennen
868 3613 952 3664 solclre
964 3614 1123 3678 Dieltunpen
1140 3614 1336 3678 anyesclrlossea
1356 3613 1363 3624 “

216 3699 331 3753 werden,
350 3698 491 3746 natuertielr
508 3699 551 3747 mit
569 3697 719 3746 Rueelrsielt
736 3698 786 3760 aas
799 3699 841 3748 die
859 3697 1001 3748 belcamuer
1021 3697 1179 3748 elevatura
1196 3700 1249 3749 und
1269 3698 1334 3748 Ver·

216 3783 353 3833 laeltnisse
371 3782 517 3832 derselben:
535 3783 562 3830 in
579 3781 774 3845 Erzaelrlunpen
791 3781 861 3840 aber,
879 3783 921 3832 die
939 3781 1018 3830 alne
1035 3782 1151 3846 irpeas!
1167 3783 1259 3832 einen
1278 3782 1335 3831 Za-

216 3867 435 3932 sammenlzunp
452 3868 506 3916 mit
528 3869 585 3916 der
603 3866 803 3931 Mytlolopie
826 3867 894 3916 llos
911 3865 1026 3915 Bilder
1044 3866 1098 3915 des
1116 3866 1240 3916 Ledeue
1257 3869 1335 3917 oder

217 3951 384 4014 lebendipe
403 3949 547 4015 Symbola
569 3951 821 4000 verseliedener
843 3952 879 3998 im
897 3949 1119 4013 Allpemeinen
1140 3952 1207 4000 stell
1228 3950 1335 4014 pleiclt

216 4034 405 4084 bleibender
431 4037 493 4085 aad
516 4035 793 4085 wiederlrolender
814 4037 876 4084 aad
898 4034 973 4084 eben
995 4035 1144 4084 desaltalb
1167 4052 1212 4084 um
1233 4051 1268 4085 so
1290 4037 1334 4084 si-

216 4119 332 4168 clerer
349 4120 615 4184 anspreelrender
630 4119 876 4169 Verlueltnisse
894 4120 1071 4178 entlralten,
1089 4121 1149 4170 sind
1158 4121 1184 4170 in
1197 4121 1244 4169 der
1256 4119 1336 4184 Repe!

214 4205 352 4267 passende,
364 4204 570 4255 ausdrreksvolle
581 4204 677 4253 Names
688 4206 818 4269 pewaelrlt,
830 4204 924 4254 welche
936 4204 1095 4270 notlwendip
1106 4205 1171 4254 nael
1183 4205 1230 4254 der
1244 4203 1333 4253 Wart-

215 4288 357 4352 bedeatanp
372 4305 515 4353 penommen
532 4290 635 4339 werden
652 4304 773 4348 maessen,
791 4291 826 4339 da
843 4291 913 4340 disse
931 4291 1004 4340 einen
1018 4288 1090 4339 Tleil
1106 4291 1154 4339 der
1165 4289 1257 4338 Poesr'e
1274 4301 1332 4336 uus·

216 4372 306 4422 maela.
