3284 5158
733 381 965 479 -114-

292 590 353 648 hoc
373 589 465 666 igitur
487 589 608 667 signum
623 587 707 647 unde
722 587 927 667 repetendum
942 586 1101 646 videretur
1116 587 1178 645 iam
1194 585 1361 647 Clearchus
1377 587 1410 647 in

293 691 414 751 erotieis
431 692 607 772 quaesierat
631 688 831 769 diversasque
847 690 1018 769 protulerat
1036 688 1216 748 solutiones.
1240 689 1278 747 cf.
1293 689 1408 748 Athen.

291 791 360 852 ΧΠ
380 800 585 855 6636-5646
606 793 659 851 vel
679 791 822 852 Muelleri
845 791 924 870 frgg.
947 791 1019 851 hist.
1037 789 1090 851 Gr.
1114 790 1149 849 II
1169 810 1201 869 p.
1217 799 1268 852 316
1291 790 1350 868 frg.
1365 797 1409 853 39.

292 913 351 952 nec
373 901 478 953 tamen
499 893 581 954 bene
603 894 650 953 illi
671 913 721 954 res
744 894 845 953 cessit.
876 912 948 952 nam
969 891 1143 952 haec-mihi
1165 893 1272 951 nativa
1286 890 1411 950 videtur

291 994 423 1074 symboli
445 995 544 1054 forma
565 995 678 1069 fuisse,
707 1004 741 1053 ut
772 994 882 1054 eodem
909 1015 1001 1074 pomo
1030 995 1078 1053 vir
1104 993 1282 1074 feminaque
1304 1011 1410 1052 vesce-

291 1105 406 1170 rentur,
429 1116 508 1175 quae
530 1105 596 1156 erat
616 1097 717 1175 imago
740 1095 955 1176 pulcritudinis
973 1097 1025 1155 vel
1047 1086 1124 1172 ὥρας
1145 1094 1197 1173 (cf.
1213 1081 1331 1171 ὀπώρα)
1348 1113 1411 1154 una
1495 1116 1499 1122 ·

291 1194 543 1276 perfruendae.²)
588 1217 607 1256 a
630 1219 690 1278 quo
712 1200 884 1277 proximum
913 1207 974 1272 est,
1005 1196 1088 1278 quod
1116 1196 1198 1256 mala
1226 1196 1322 1255 adesa
1343 1197 1410 1254 mit-

291 1298 437 1358 tebantur
458 1299 510 1358 vel
531 1298 722 1359 iaciebantur
744 1320 799 1379 pro
824 1281 965 1359 desideri¹
984 1298 1187 1358 confessione.
1218 1298 1258 1356 cf.
1280 1297 1409 1356 Lucian.

294 1399 366 1459 dial.
390 1420 464 1459 mer.
490 1409 538 1474 ta,
564 1413 593 1473 1,
617 1401 696 1460 Tox.
723 1410 765 1474 13,
787 1401 928 1480 Alciphr.
950 1401 1003 1459 ΙΠ
1024 1407 1067 1474 62,
1091 1408 1122 1473 2,
1146 1399 1303 1459 Aristaeo.
1327 1399 1409 1459 125.

293 1500 404 1560 eadem
426 1509 527 1560 autem
549 1502 650 1579 imago
673 1503 717 1560 ita
740 1510 786 1560 est
807 1509 962 1581 tamquam
985 1500 1150 1580 compendi
1167 1501 1258 1574 facta,
1281 1509 1315 1558 ut
1330 1500 1411 1558 mala

292 1602 439 1662 darentur
466 1612 519 1662 aut
545 1604 632 1662 vario
661 1604 767 1682 utique
800 1603 890 1662 modo
925 1602 1167 1678 adhiberentur„
1206 1602 1348 1684 quocirca
1377 1602 1410 1659 in

290 1703 424 1764 moribus
461 1713 554 1783 atque
587 1705 733 1764 institutis
767 1703 807 1764 ad
846 1724 954 1764 canam
989 1711 1176 1763 vetustatem
1211 1700 1410 1762 redeuntibus

290 1805 452 1884 multiplex
474 1806 608 1864 cernitur
628 1825 787 1884 pomorum
809 1825 880 1865 usus
896 1806 1069 1888 amatorius.
1105 1823 1165 1864 nec
1186 1823 1260 1863 vero
1284 1803 1410 1864 Graecis

291 1907 345 1966 ille
368 1906 511 1986 proprius
535 1906 591 1967 sed
614 1908 737 1986 populis
760 1906 854 1984 longe
870 1907 1007 1986 plurimis
1023 1907 1190 1965 communis
1206 1900 1409 1980 iuvenitur³).

375 2008 488 2086 Itaque
511 2017 542 2067 et
563 2009 595 2066 in
618 2008 761 2067 ritibus
785 2007 1032 2087 nuptialibus
1054 2007 1135 2067 malo
1158 2007 1244 2066 locus
1268 2005 1408 2079 dabatur,

292 2117 324 2167 et
351 2107 435 2187 apud
466 2107 601 2168 Graecos
631 2109 754 2188 quidem
788 2111 820 2168 in
854 2111 960 2188 primis
991 2109 1071 2169 malo
1100 2107 1259 2187 Cydonio,
1294 2116 1326 2166 ut
1357 2108 1411 2187 qui

293 2279 462 2286 ,..-.-......-.---.
480 2280 495 2285 -

285 2366 415 2441 Ἐριδος,
439 2367 669 2442 τοῦτο’Έρωτος·
693 2368 786 2430 ἐκεῖνο
812 2367 933 2440 ἐσιώπα,
957 2374 1041 2427 τοῦτο
1060 2371 1228 2442 φθέγγεται.
1253 2369 1297 2442 μήΙ
1312 2369 1409 2442 ρ’ίψῃς,

291 2454 452 2527 μὴφοίγῃς’
477 2451 554 2512 οὐδ’
574 2453 610 2511 ἐν
628 2455 767 2528 πολέμῳ
784 2454 1002 2528 πρεσβευτὴς
1019 2463 1293 2525 παρανομεῖται.
1318 2447 1411 2512 τίοῦν

292 2537 464 2609 ἐπέσταλκας
484 2535 553 2596 αὐτὸ
573 2538 644 2609 ἐρεῖ·
664 2535 798 2610 Εὐίππη,
820 2545 893 2610 φιλῶ
906 2557 948 2596 σε·
967 2537 1140 2612 ὑπόγραψον
1152 2534 1331 2610 ἀναγνοῦσα·
1351 2547 1409 2595 ‘aoc-

291 2627 358 2687 λῶς·
382 2625 495 2695 δέχεται
517 2621 549 2681 τὸ
573 2628 665 2697 μῆλον
687 2628 737 2682 καὶ
759 2628 850 2681 ταῦτα
874 2621 987 2695 (αὗταί)
1011 2624 1045 2680 τοὶ
1064 2624 1239 2696 γράμματα.
1276 2632 1317 2680 sic
1337 2630 1410 2680 enim

290 2713 361 2764 haec
379 2714 508 2764 videntur
525 2715 680 2766 scribenda.
716 2715 803 2766 verba
821 2709 860 2781 μὴ
879 2708 968 2781 ῥίψῃς
986 2714 1071 2764 facile
1091 2715 1127 2764 ad
1141 2714 1283 2780 Cydippae
1301 2730 1409 2780 pomum

292 2804 437 2863 spectant,
464 2799 537 2849 sicut
559 2791 598 2865 μὴ
623 2792 719 2865 φάγῃς
742 2800 861 2851 fortasse
886 2799 1008 2864 aliquam
1032 2799 1112 2849 nobis
1135 2799 1259 2864 ignotam
1286 2798 1410 2849 fabulam

290 2883 456 2948 respiciunt,
486 2887 561 2934 certe
588 2883 675 2935 verba
702 2875 771 2935 odoi
795 2900 818 2934 e.
839 2899 864 2948 q.
884 2900 905 2934 s.
931 2899 963 2934 eo
988 2884 1088 2935 ducere
1111 2884 1247 2935 videntur,
1289 2888 1409 2935 ceterum

290 2969 414 3032 seqnitur
432 2982 465 3017 ex
483 2967 527 3017 his
545 2968 671 3018 omnibus
688 2994 722 3004 —
739 2974 877 3018 memento
890 2968 970 3018 simul
982 2969 1056 3034 pomi
1067 2968 1231 3018 Discordiae
1249 2994 1281 3003 —
1300 2983 1410 3019 revera

290 3053 378 3116 pomis
396 3051 504 3102 litteras
522 3051 587 3102 olim
607 3067 668 3102 esse
686 3052 847 3117 insculptae.

356 3151 378 3217 ²)
395 3153 588 3203 Fecunditatis
606 3155 695 3216 notio,
721 3168 802 3218 quem
821 3154 915 3220 granis
933 3169 1072 3219 pomorum
1090 3153 1185 3206 volunt
1203 3153 1353 3216 contineri,
1374 3154 1408 3204 ab

291 3238 421 3288 amatorii
444 3237 562 3301 symboli
585 3237 778 3302 simplicitate,
810 3238 834 3287 si
859 3238 923 3302 quid
946 3239 1041 3304 sapio,
1070 3244 1131 3288 erat
1153 3236 1249 3303 procul
1271 3237 1410 3289 habenda.

289 3322 319 3372 in
342 3336 397 3387 qua
419 3337 448 3372 re
472 3337 532 3372 cum
556 3326 664 3372 ceteros
687 3326 744 3371 tum
767 3321 948 3401 Gerhqrdium
971 3323 1124 3374 Vassnb.1
1147 3339 1174 3389 p.
1195 3324 1289 3373 13211.
1309 3325 1357 3372 177
1381 3326 1410 3372 et

290 3406 359 3456 alibi
382 3407 493 3456 diversa
516 3407 678 3456 miscentem
700 3405 783 3470 longe
807 3406 908 3457 falsum
931 3412 1006 3472 puto.
1042 3412 1072 3457 at
1095 3422 1156 3458 cum
1179 3405 1227 3456 illo
1252 3421 1319 3457 sane
1338 3407 1409 3456 anti-

290 3491 421 3555 quissimo
449 3505 531 3540 sensu
559 3488 605 3539 alii
638 3476 683 3554 qui
706 3491 819 3556 cognati
844 3496 937 3542 essent
959 3496 989 3540 ut
1013 3491 1117 3542 assolet
1143 3491 1245 3542 sensim
1270 3489 1409 3541 coalesce-

289 3573 358 3623 bant
375 3579 404 3625 et
421 3574 668 3626 confundebantur.

357 3673 379 3738 ³)
402 3674 491 3725 Multa
514 3690 585 3739 quae
608 3674 662 3725 huc
685 3669 953 3764 pertineant-habet
972 3675 1099 3726 conlecta
1118 3675 1168 3726 sed
1185 3675 1257 3726 male
1276 3675 1410 3742 disposita

290 3775 342 3810 nec
360 3764 436 3810 recte
455 3760 579 3810 iudicata
591 3759 796 3810 Friedreichius
814 3761 858 3812 die
871 3759 1014 3825 symbolik
1031 3760 1087 3810 und
1105 3759 1275 3825 Mythologis
1294 3760 1343 3810 der
1354 3761 1408 3812 Na·

290 3849 377 3909 turp.
395 3845 548 3898 208—213.
583 3845 620 3897 cf.
649 3845 842 3896 Schwenkium
867 3846 911 3896 die
939 3845 1097 3896 Sinnbilder
1122 3844 1171 3896 der
1194 3844 1270 3895 alten
1287 3844 1410 3896 Voelker

224 3923 225 3928 ’
289 3945 317 3993 p.
335 3931 438 3994 9sqq.,
462 3935 490 3980 et
513 3930 546 3980 de
566 3930 683 3981 Graecis
705 3929 840 3981 Seilerum
863 3930 898 3980 ad
915 3930 1072 3996 Longuml
1095 3931 1127 3978 23
1150 3945 1184 3979 ae
1203 3929 1409 3979 Boetticherum

288 4012 471 4064 Baumlrultus
488 4031 515 4080 p.
529 4015 577 4064 461
591 4030 664 4079 sqq,
684 4014 718 4065 de
732 4014 905 4065 Germanicis
916 4013 1045 4064 Wolflum
1055 4013 1205 4079 Beitraege
1218 4029 1244 4062 α.
1257 4011 1408 4064 deutschen

289 4096 404 4161 Mythol.
423 4099 451 4148 Il
469 4115 496 4163 p.
515 4100 602 4163 2sqq.
629 4097 680 4148 alii
697 4114 760 4149 mox
778 4099 981 4150 indicabuntur.
1011 4097 1120 4146 interim
1140 4113 1154 4146 e
1174 4098 1342 4148 carminibus
1361 4113 1408 4162 po·

288 4181 431 4246 pularibus
445 4182 582 4233 Graeciae
600 4184 762 4233 recentioris
782 4183 816 4233 ab
830 4182 949 4233 Amoldo
962 4182 1105 4233 Passowio
1124 4182 1206 4232 editis
1218 4197 1335 4232 memoro
1348 4183 1406 4243 624,

290 4269 335 4329 17,
355 4268 444 4330 ossa,
465 4269 494 4331 9,
518 4268 581 4331 646,
606 4269 652 4330 21,
678 4268 741 4319 dist.
760 4269 821 4330 ost,
841 4270 866 4318 2.
906 4281 1046 4332 pomorum
1071 4265 1218 4331 coniugale
1242 4265 1408 4317 sucrificium

286 4349 406 4401 indicari
425 4353 534 4403 videtur
551 4352 623 4417 Hyg.
643 4351 700 4401 fab.
721 4353 770 4403 104
788 4356 816 4402 et
832 4352 905 4402 Plin.
924 4367 950 4401 n.
969 4352 997 4402 h.
1016 4352 1066 4402 XV
1085 4354 1115 4402 11
1136 4349 1202 4415 (10).
