3284 5158
710 441 948 505 -148-

382 614 528 695 colloquii
550 613 639 674 nobis
661 615 776 675 sentiat
799 633 867 674 esse
888 615 983 674 vices.

339 724 413 776 ante
435 716 517 776 fores
541 716 631 776 sedet
652 716 730 775 haec
753 715 827 796 quid
850 735 1000 795 agamque
1022 711 1202 793 rogantibus
1224 716 1322 791 intus,

282 825 317 878 2ο
380 826 413 876 ut
436 819 552 897 possim
572 825 637 878 tuto
661 816 810 890 scribere,
836 813 977 876 ‘dormit’
1001 818 1053 876 ait.
1178 807 1180 812 ’

336 939 408 979 mox
429 919 483 978 ubi
504 921 616 979 secreti
638 919 725 997 longi
748 937 839 978 causa
862 919 991 998 optima,
1015 937 1155 993 somnus,

381 1019 537 1080 credibilis
560 1019 650 1079 tarda
673 1020 789 1079 desinit
812 1039 881 1080 esse
903 1040 1014 1095 mora,

337 1123 459 1201 iamque
481 1121 589 1180 venire
611 1121 713 1195 videt,
738 1141 815 1201 quos
837 1142 901 1181 non
924 1121 1086 1182 admittere
1110 1120 1255 1194 desumet,

380 1231 504 1282 excreat
527 1231 558 1281 et
581 1222 664 1281 dicta
687 1221 740 1281 dat
761 1224 836 1281 mihi
858 1224 948 1300 signa
970 1230 1054 1282 nota.

279 1333 312 1386 25
335 1325 413 1383 sicut
436 1333 525 1383 erant
539 1343 718 1410 properans
740 1323 836 1383 verba
857 1324 1032 1403 inperfecta
1054 1324 1197 1404 relinquo

380 1433 411 1484 et
432 1427 547 1504 tegitur
568 1425 690 1505 trepido
714 1426 818 1486 littera
841 1435 951 1505 coepta
971 1427 1050 1486 sinu.

335 1526 410 1585 inde
434 1547 518 1586 meos
543 1527 656 1604 digitos
678 1527 788 1586 iterum
809 1529 943 1606 repetita
965 1528 1092 1605 fatigat:

377 1636 509 1708 quantus
531 1629 571 1687 sit
593 1627 681 1687 nobis
705 1629 817 1706 aspicis
839 1629 908 1706 ipse
929 1627 1027 1689 labor.

212 1745 214 1752 ’
256 1731 261 1735 ’
335 1749 394 1809 quo
418 1748 545 1809 peream
566 1731 593 1789 si
617 1729 728 1808 diguus
752 1748 837 1803 eras,
860 1737 894 1787 ut
915 1748 991 1788 vera
1012 1731 1188 1810 loquamur:

278 1837 313 1891 30
377 1831 434 1890 sed
455 1831 564 1890 melior
585 1832 665 1890 iusto
689 1849 842 1910 quamque
864 1832 990 1890 mereris
1014 1851 1082 1910 ego.

335 1951 408 2011 ergo
431 1941 462 1992 te
484 1940 613 2012 propter
634 1933 749 1991 totiens
772 1933 890 1992 incerta
912 1932 1018 1991 salutis

377 2034 554 2092 commentis
577 2052 696 2112 poenas
721 2033 824 2112 doque
847 2032 983 2113 dedique
1005 2032 1089 2093 tuis?

334 2135 412 2193 haec
433 2134 524 2194 nobis
546 2135 662 2193 formae
684 2142 716 2192 te
739 2133 900 2193 laudatore
922 2133 1075 2213 superbae

376 2236 528 2312 contingit
549 2234 689 2294 merces?
718 2235 924 2313 etplacuisse
947 2235 1060 2294 nocet?

276 2344 310 2398 35
333 2336 360 2394 si
382 2334 438 2394 tibi
462 2335 622 2410 deformis,
648 2335 731 2414 quod
753 2336 890 2409 mallem,
914 2337 982 2395 visa
1003 2337 1144 2410 fuissem,

376 2436 640 2515 culpatumnulla
662 2455 771 2516 corpus
795 2445 902 2514 egeret
925 2455 995 2516 ope.

299 2588 301 2592 .
332 2558 414 2601 nunc
436 2537 562 2597 laudata
585 2557 691 2616 gemo,
715 2556 798 2596 nunc
820 2557 868 2596 me
891 2539 1058 2598 certamine
1080 2548 1184 2599 vestro

252 2719 254 2722 Ι
375 2637 522 2718 perditis,
547 2647 578 2698 et
599 2640 725 2718 proprio
748 2639 893 2698 vulneror
915 2640 984 2718 ipsa
1006 2639 1098 2699 bono.

334 2740 405 2799 dum
427 2759 531 2820 neque
552 2749 586 2798 tu
608 2739 693 2800 codis
716 2759 775 2799 nec
797 2759 831 2799 so
853 2741 1016 2819 putatillc
1040 2741 1222 2814 secundum,

275 2849 311 2902 40
373 2850 407 2900 tu
428 2842 509 2921 votis
533 2839 636 2900 obstas
658 2841 753 2915 illius,
777 2842 830 2900 ille
852 2843 922 2902 tuis.

331 2943 401 3021 ipsa
423 2943 508 3002 velut
530 2943 619 3001 navis
641 2943 751 3016 iactor,
776 2961 867 3020 quam
890 2951 989 3003 certus
1010 2944 1043 3001 in
1066 2943 1160 3001 altum
1262 2985 1264 2994 ι

335 3095 341 3107 ,
373 3045 521 3122 propellit
542 3044 674 3116 Boreas,
699 3051 801 3102 aestus
825 3051 857 3103 et
877 3043 962 3104 unda
984 3044 1095 3102 refert:

331 3165 458 3225 cumque
483 3143 548 3204 dies
572 3146 649 3204 caris
673 3152 779 3223 optata
800 3144 979 3223 parentibus
1001 3145 1110 3218 instat,

372 3245 544 3309 inmodicus
566 3247 682 3326 pariter
704 3232 840 3326 corporis
863 3246 954 3307 ardor
977 3247 1075 3306 adest.

327 3463 352 3500 v.
373 3450 404 3498 19
427 3451 495 3500 iuter
517 3449 540 3496 L
558 3447 603 3498 Ρ3
619 3463 651 3509 v,
680 3451 791 3509 intuor,
816 3446 888 3496 idem
912 3447 965 3497 coi.
984 3447 1123 3498 Heinsius.
1146 3472 1180 3484 -
1202 3463 1228 3498 v.
1247 3450 1278 3500 21
1302 3451 1375 3513 lonpe

258 3532 371 3592 P3rv,
395 3534 464 3596 lonpt
480 3533 513 3581 L.
537 3557 571 3566 -
593 3546 620 3580 v.
639 3533 671 3581 23
694 3545 799 3599 cumque·
816 3529 977 3581 Gronovius.
1000 3557 1032 3566 -
1054 3545 1080 3583 v.
1098 3532 1132 3602 24
1151 3534 1213 3594 fictu
1229 3533 1310 3582 LP3
1322 3549 1336 3581 r
1348 3548 1374 3595 v,

259 3622 327 3665 tecto
348 3615 495 3676 Heinsius,
520 3617 588 3664 dicto
605 3615 785 3663 Burmannus.
808 3639 840 3648 —
864 3629 888 3665 v.
908 3614 940 3663 25
962 3616 1028 3664 sicut
1045 3631 1114 3664 eram
1130 3614 1280 3678 LP3rv,
1310 3617 1376 3666 sicut

258 3707 334 3748 crant
352 3697 603 3748 Slichtenhorstius.
641 3697 680 3746 cf.
699 3713 782 3747 amor.
802 3698 872 3770 115,
890 3698 933 3760 45,
952 3702 1015 3748 met.
1033 3699 1075 3748 III
1094 3699 1155 3757 178,
1174 3696 1286 3762 v1'244,
1306 3700 1374 3750 XIII

258 3784 307 3833 585
326 3783 391 3832 elia.
426 3784 577 3847 imperfecto
593 3782 616 3831 L
629 3782 674 3831 Pe
686 3798 700 3831 r
710 3799 736 3834 v.
756 3809 787 3817 -
805 3798 830 3833 v.
849 3783 881 3832 26
899 3790 975 3833 cauto
991 3783 1014 3832 L
1028 3783 1071 3834 Ρ3
1084 3799 1098 3832 r
1109 3799 1139 3846 v,
1158 3783 1256 3847 scripsi
1273 3791 1372 3848 coepta.

258 3895 288 3903 —
308 3869 386 3920 uti
404 3883 471 3917 meus
489 3869 581 3932 digitus
598 3882 619 3916 r.
640 3889 667 3900 —
688 3883 713 3920 v.
732 3866 765 3916 28
784 3866 872 3916 falsus
890 3866 1014 3917 Iahnius.
1049 3869 1098 3917 iste
1115 3867 1188 3917 lotor
1205 3883 1227 3917 r.
1245 3893 1278 3904 -
1297 3883 1321 3920 v.
1340 3869 1373 3917 29

262 3967 326 4016 quoe
343 3967 447 4014 peream
464 3950 559 4015 LP3,
584 3967 633 4016 que
650 3966 676 4012 r,
702 3967 766 4015 quac
782 3957 892 4014 percont
908 3965 934 4002 v.
954 3967 1003 4016 quo
1018 3967 1124 4015 pereum
1140 3949 1186 4000 vel
1204 3967 1253 4016 quo
1270 3967 1374 4016 pereum

257 4035 396 4084 Heinsius.
410 4060 451 4080 .-
474 4050 500 4085 v.
524 4037 556 4084 30
578 4037 685 4084 moreris
702 4051 728 4084 v.
763 4050 808 4085 ero
826 4035 914 4086 LP3.
939 4061 971 4070 -
995 4049 1022 4084 v.
1040 4033 1074 4084 34
1095 4036 1223 4100 continpet
1239 4036 1322 4086 Pav.
1340 4061 1372 4069 -

256 4177 282 4210 v.
296 4159 329 4210 38
340 4124 452 4224 ρξ’ζὶάἰίίε
464 4157 516 4221 Ρ3,
534 4161 646 4224 proditis
658 4160 681 4207 L
695 4176 708 4208 r
719 4176 745 4210 v.
758 4186 792 4194 -
804 4161 829 4211 i.
842 4162 874 4210 39
887 4162 973 4210 ονειίίε
985 4160 1016 4209 L.
1030 4185 1064 4196 —
1076 4175 1102 4210 v.
1114 4161 1148 4209 40
1160 4167 1235 4223 optas
1246 4158 1292 4209 Pa
1303 4175 1329 4210 v.
1339 4185 1372 4194 -

256 4258 282 4292 v.
301 4244 335 4292 43
358 4261 478 4309 quomque
497 4258 518 4291 r.
554 4245 633 4294 oloris
650 4244 682 4292 L.
706 4269 738 4278 —
763 4260 786 4294 v.
810 4245 844 4291 44
865 4243 1007 4294 immodicus
1025 4244 1166 4294 LP3rv.
1202 4245 1268 4292 inest
1285 4243 1371 4302 Lrv,

256 4323 281 4356 od

255 4370 322 4416 inest
338 4369 360 4417 P
372 4372 397 4419 3.
