3284 5158
661 418 892 482 -111-

219 592 264 652 166
286 592 405 652 versari
426 593 460 651 in
483 593 657 672 proposito,
685 601 719 653 ut
741 592 846 673 alique
868 600 950 652 certe
974 593 1145 672 explicetur
1166 595 1259 668 ratio,
1288 615 1340 655 cur

220 713 356 772 persona
385 693 425 752 de
455 714 515 773 qua
543 695 645 773 agitur
677 694 790 756 divinis
823 693 990 754 honoribus
1024 694 1119 772 digna
1151 697 1191 755 sit
1222 695 1337 755 habita.

220 796 327 874 itaque
356 804 520 855 narrantur
548 797 622 856 illae
650 797 703 856 vel
732 797 771 856 de
799 795 972 856 hominibus
1001 797 1165 875 insigniter
1192 797 1339 856 meruisse

221 903 399 976 utcumque,
423 898 474 957 vel
496 899 650 958 consortio
673 899 786 958 fruitae
810 917 877 960 esse
901 898 1036 972 deorum,
1061 919 1136 978 quos
1158 900 1339 978 plerumque

222 1006 274 1057 eut
295 999 434 1077 hospites
456 998 621 1059 habuerint
643 1009 696 1060 aut
723 1001 869 1072 amasios,
898 1000 951 1059 vel
980 999 1116 1080 denique
1146 1001 1284 1060 violento
1309 1007 1340 1060 et

222 1107 415 1179 praematuro
436 1100 522 1161 obitu
544 1102 700 1161 extinctae
723 1121 801 1162 esse.
853 1121 889 1160 ac
924 1101 1007 1160 tertii
1043 1103 1132 1162 huius
1169 1101 1340 1161 fabularum

222 1202 354 1279 generis,
378 1221 437 1282 quo
453 1203 564 1262 mortui
578 1212 733 1283 tamquam
747 1205 780 1262 in
796 1204 1079 1282 compensationem
1092 1211 1122 1262 et
1133 1203 1339 1282 placationem

223 1304 395 1362 consecrati
412 1323 480 1364 esse
496 1304 704 1378 crederentur,
729 1305 896 1384 antiquitas
911 1304 1005 1382 longe
1026 1305 1215 1364 feracissima
1236 1301 1335 1380 fuit.¹)

221 1404 282 1462 iam
304 1423 379 1464 vero
402 1405 435 1464 in
458 1414 566 1484 aperto
590 1414 645 1480 est,
669 1406 776 1466 horum
792 1406 925 1466 omnium
947 1407 1026 1465 nihil
1042 1407 1203 1486 quicquam
1226 1405 1336 1464 cadere

181 1489 182 1492 Ἴ
221 1505 254 1563 16
272 1503 462 1585 Cydippam.
499 1527 578 1586 qnae
601 1508 627 1566 si
649 1528 792 1587 umquam
815 1507 1022 1568 Callimachea
1044 1507 1149 1566 fabula
1170 1507 1338 1586 praemissa

222 1615 348 1665 narrata
372 1615 454 1666 esset
474 1616 546 1686 post
567 1609 661 1667 vitam
684 1609 817 1668 feliciter
839 1629 875 1668 ac
897 1609 1063 1689 tranquille
1086 1617 1241 1688 peractam
1256 1607 1338 1666 inter

223 1705 298 1766 deas
320 1707 505 1768 heroinasve
527 1710 626 1769 relata
648 1729 732 1784 esse,
761 1711 814 1771 vel
834 1719 868 1770 ut
891 1731 958 1770 cum
982 1709 1094 1772 Ouidio
1117 1710 1226 1790 loquar
1242 1704 1337 1791 (met.

220 1807 283 1868 XV
305 1806 371 1886 545)
395 1812 429 1868 de
451 1813 493 1868 dia
514 1814 664 1870 minoribus
691 1831 749 1870 unc
776 1816 959 1886 6166616666
982 1815 1108 1870 dominae
1135 1816 1225 1869 latere
1253 1817 1339 1885 atque

221 1915 365 1967 accenseri
389 1915 441 1981 illi,
476 1920 614 1972 veterum
643 1913 743 1992 quivis
771 1913 911 1973 inaudito
943 1919 974 1972 et
1003 1921 1194 1972 monstruoso
1224 1905 1338 1996 eventu

221 2011 329 2070 merito
352 2010 570 2091 obstupuisset.
614 2014 689 2073 talia
717 2015 823 2092 igitur,
856 2034 935 2094 quae
963 2015 1092 2094 antiqua
1113 2014 1258 2074 memoria
1279 2032 1339 2072 nec

222 2113 340 2170 narrari
371 2115 530 2191 potuerint
562 2135 621 2174 nec
653 2117 826 2195 procreari,
859 2137 900 2176 ne
930 2115 1132 2176 coniectando
1162 2115 1339 2195 antiquitati

222 2203 405 2291 affingamus
427 2220 542 2276 summo
566 2236 661 2296 opere
684 2217 902 2276 abstinendum
925 2226 981 2278 est.

265 2389 267 2391 Ι
306 2313 356 2374 Ι66
389 2336 456 2375 cum
488 2317 651 2378 divinitate
681 2318 858 2398 Cydippam
888 2321 1076 2393 exuerimur,
1110 2319 1223 2378 corruit
1252 2320 1338 2377 Butt-

221 2417 327 2475 manni
350 2418 554 2478 ratiocinatio.
585 2439 688 2499 neque
711 2421 802 2480 ullius
825 2422 886 2479 iam
909 2421 967 2480 erit
981 2421 1134 2480 ¹momenti
1149 2420 1338 2480 Rhodiensis

223 2538 314 2597 quam
342 2518 396 2577 ille
426 2518 565 2579 adhibuit
599 2519 756 2600 Cydippe.
810 2523 934 2581 omnino
968 2522 1251 2602 frequentissimum
1280 2522 1339 2579 hoc

222 2639 346 2678 nomen.
390 2629 574 2680 memoratur
596 2620 744 2701 Cydippe
770 2623 882 2682 Nereis
904 2624 999 2700 Verg.
1023 2623 1137 2700 Georg.
1160 2623 1207 2682 IV
1227 2626 1281 2684 '339
1309 2630 1340 2679 et

222 2722 306 2800 Hyg.
323 2720 386 2780 fab.
402 2743 548 2800 prooem,
574 2722 721 2802 Oydippa
743 2723 889 2782 sacerdos
907 2723 1030 2784 Cleobis
1054 2732 1085 2783 et
1100 2723 1220 2782 Bitonis
1242 2730 1340 2780 mater

223 2824 309 2881 anth.
333 2822 400 2881 Pal.
417 2824 468 2884 III
491 2809 533 2898 18,
556 2824 702 2884 Philostr.
725 2826 789 2883 her.
813 2825 877 2884 VII
901 2833 960 2898 165,
985 2826 1045 2883 Dio
1063 2824 1222 2902 Chrysost.
1245 2831 1287 2896 64,
1312 2832 1337 2896 6,

221 2924 306 3005 Hyg.
323 2924 454 2987 1611254
477 2934 507 2984 66
529 2925 611 3000 alibi,
636 2925 784 3006 Cydippe
798 2926 947 2986 Anaxilai
968 2947 1046 2985 uxor
1060 2924 1177 2984 Herod.
1193 2925 1257 2985 VII
1279 2933 1338 2997 165,

290 3175 312 3243 ¹)
335 3179 459 3228 Priorum
484 3185 614 3242 generum
638 3177 768 3228 inlustria
790 3182 917 3243 prostant
941 3176 1074 3242 exempla.
1110 3175 1180 3225 illud
1204 3175 1338 3240 61166611-

224 3266 341 3311 tremum
365 3263 445 3328 poeni
467 3262 523 3314 levi
545 3262 660 3313 brachio
680 3262 774 3328 attigit
791 3261 1030 3328 Naegelsbachius
1048 3260 1225 3311 nachhomer.
1243 3259 1340 3310 Theoi.

223 3363 249 3411 p.
269 3347 331 3411 106,
356 3348 403 3412 qui
425 3351 519 3398 tamen
541 3347 622 3397 huius
645 3347 686 3397 rei
705 3347 837 3397 ambitum
856 3352 884 3397 et
901 3350 1027 3396 naturam
1044 3361 1099 3396 non
1117 3347 1186 3396 satis
1203 3347 1339 3411 pernovit.

223 3436 336 3494 praeter
357 3436 425 3482 nota
448 3431 575 3498 exempla
593 3434 622 3482 in
641 3433 739 3497 quibus
758 3439 820 3482 aunt
837 3433 887 3483 Ino
907 3437 935 3482 et
952 3430 1099 3482 Melicerta
1122 3430 1294 3494 (Leucothea
1313 3435 1342 3479 et

223 3515 400 3578 Palaemon),
419 3517 576 3582 Dictynna,
599 3517 760 3584 iphigenia,
782 3517 959 3583 Hippolytus,
979 3517 1103 3566 Macaria
1116 3515 1274 3581 Euripiden,
1293 3531 1340 3564 no-

224 3599 297 3649 mino
315 3600 457 3666 Aglauron
474 3603 559 3652 Paua.
577 3603 591 3655 I
610 3603 655 3665 18,
676 3604 705 3663 2,
725 3601 869 3667 Iphinoam
887 3602 954 3654 ibid.
971 3602 985 3651 I
1002 3603 1049 3666 43,
1068 3602 1098 3663 4,
1117 3600 1254 3651 Helenam
1273 3600 1341 3652 ibid.

224 3683 266 3733 III
285 3686 331 3747 19,
352 3687 397 3746 16,
421 3684 512 3736 Vlixis
535 3686 668 3752 remigem
685 3686 751 3737 ibid.
770 3687 856 3748 1116,
875 3687 905 3749 8,
930 3685 1085 3736 Rhedinem
1102 3685 1169 3735 ibid.
1189 3686 1242 3735 VII
1261 3686 1290 3747 5,
1311 3687 1342 3735 13

226 3767 283 3829 (611.
301 3769 479 3820 Welcherum
497 3769 535 3820 hl.
554 3769 631 3821 Schr.
648 3771 663 3820 I
680 3786 706 3836 p.
727 3771 800 3834 188),
824 3771 944 3820 Dianam
962 3760 1168 3836 ἅπαγχομὲνην
1190 3770 1256 3820 ibid.
1275 3770 1342 3820 VIII

224 3853 266 3916 23,
280 3855 306 3915 1,
323 3853 440 3919 Aspalin
453 3854 554 3905 146666.
573 3855 636 3908 Lib.
650 3857 682 3905 13
696 3854 753 3920 (611.
767 3854 973 3904 Boettieherum
990 3854 1107 3906 Baumk.
1120 3871 1147 3919 p.
1159 3856 1192 3905 83
1205 3855 1264 3920 sq.),
1283 3855 1341 3903 Me-

224 3935 344 3986 tioeham
364 3953 425 3988 cum
442 3939 575 4006 Menippa
593 3939 661 3990 ibid.
679 3942 725 4002 25,
744 3938 843 4004 Byblin
862 3939 928 3988 ibid.
947 3941 980 3989 30
999 3937 1055 4002 (cll.
1074 3938 1204 3989 Parthen.
1224 3941 1271 4004 11,
1290 3937 1342 3988 Co·

225 4038 288 4073 non.
307 4025 332 4086 2,
352 4023 403 4073 Ov.
422 4028 486 4074 1666.
506 4025 545 4075 IX
563 4022 724 4088 456-665),
747 4023 849 4087 Hylam
867 4023 933 4076 ibid.
952 4026 993 4086 26,
1012 4023 1142 4074 Η666666
1159 4023 1287 4073 1111666611.
1307 4022 1343 4072 66

225 4107 276 4156 06.
290 4125 316 4173 p.
328 4108 378 4158 418
398 4107 519 4171 (Gallim.
537 4109 611 4174 frgg.
628 4124 654 4174 p.
667 4109 719 4158 474
729 4107 817 4173 Era),
837 4108 955 4174 denique
974 4109 1063 4174 ipsam
1082 4107 1241 4171 Gtesyllam.
1255 4108 1341 4158 schol.

224 4191 256 4242 Il.
282 4193 304 4242 A
327 4193 360 4242 38
388 4192 491 4244 (1111661
513 4193 649 4259 Apollinis
675 4207 784 4244 sacrum
817 4197 969 4244 extructum
999 4191 1058 4244 esse
1087 4198 1215 4243 narratur
1238 4185 1287 4242 6ιά
1309 4184 1342 4242 τὸ

225 4271 383 4340 αἰφνιδίως
401 4271 576 4328 6661116166
594 4268 768 4330 ἀποθανεῖν.
805 4279 903 4329 661166
923 4280 951 4328 111
969 4294 1070 4344 genere
1092 4277 1340 4344 transformationi-

224 4360 275 4411 bus
294 4367 354 4412 arte
375 4367 493 4427 cognato
511 4362 591 4429 larga
610 4363 750 4429 amplioris
769 4364 966 4428 disputationis
985 4364 1114 4412 materies
1132 4366 1232 4426 parata
1252 4367 1302 4412 est.
