3254 5158
732 408 943 472 -38-

281 586 438 646 nominum
461 583 652 663 propriorum
668 581 840 662 veriloquio
854 583 956 664 poetis
973 581 1108 642 debeant
1118 579 1155 660 ¹).
1179 591 1211 642 et
1225 591 1259 642 ut
1273 585 1397 644 veniam

282 686 322 746 ad
345 686 592 759 Alexandrinos,
623 704 699 765 quos
727 683 931 744 feracissimos
954 683 1049 744 fuisse
1075 684 1182 743 horum
1206 686 1398 746 artificiorum

282 786 409 848 credere
431 808 489 867 par
511 797 573 860 est,
602 788 734 866 paucula
760 786 819 846 hoc
847 805 944 864 genus
967 759 1120 865 praebent
1142 785 1301 865 Euphorio
1326 786 1398 866 (frg.

281 897 325 963 56,
348 897 392 964 66,
417 898 468 952 108
489 889 586 948 Mein.
610 887 717 967 anall.)
747 897 778 948 et
799 888 982 948 Theocritus
1006 886 1133 965 (XXVI
1153 896 1187 950 26
1210 887 1251 946 de
1265 887 1399 948 Penthei

282 991 421 1064 nomine,
454 989 537 1071 quod
558 991 681 1050 invenit
703 990 834 1050 fortasse
858 988 1028 1050 Chaeremo
1051 989 1110 1068 frg.
1132 997 1149 1052 7
1173 997 1266 1070 atque
1288 989 1399 1050 imitati

282 1100 354 1171 post
374 1092 572 1152 Theocritum
593 1101 665 1152 sunt
688 1090 851 1171 Oppianus
874 1111 944 1172 cyn.
966 1092 1013 1152 IV
1034 1100 1086 1154 305
1108 1100 1139 1150 et
1159 1091 1289 1152 Nonnus
1304 1091 1397 1152 Dion.

282 1197 312 1255 V
333 1204 394 1268 555,
418 1195 467 1254 cll.
488 1195 596 1255 XLVI
615 1203 650 1257 73
665 1214 712 1273 sq.
736 1193 774 1252 cf.
798 1194 890 1253 etiam
912 1193 1043 1252 Theocr.
1066 1192 1130 1254 VII
1143 1201 1177 1257 99
1191 1191 1263 1274 sq).
1289 1193 1400 1274 quibus

283 1294 434 1374 subiungo
457 1303 580 1375 poetam
603 1304 696 1375 etym.
719 1315 758 1353 m.
781 1315 812 1374 p.
835 1303 885 1368 94,
908 1303 958 1355 42:
984 1283 1186 1371 Ἀμφιτρύων·
1216 1284 1231 1351 ὃ
1253 1293 1400 1370 περισσῶς

282 1391 410 1472 τρωθεὶς
439 1392 488 1454 καὶ
518 1394 679 1472 ττονηθείς,
711 1385 845 1471 idoar-
873 1386 953 1470 παρὰ
973 1383 1006 1452 τὸ
1034 1386 1144 1474 τρύος
1172 1384 1270 1454 ὅέστι
1291 1389 1398 1467 ττύνος·

282 1488 349 1554 οἷον
370 1492 421 1554 καὶ

806 1568 883 1640 πολὺ
904 1572 993 1658 τρύος
1014 1569 1123 1656 ἤλασεν
1145 1576 1200 1652 ἔξω

284 1733 367 1813 quod
390 1734 447 1811 frg.
471 1755 535 1793 non
557 1733 645 1793 verbi
666 1723 754 1810 τρύος
777 1753 885 1793 caussa
907 1733 1047 1806 allatum,
1077 1733 1134 1794 sed
1157 1754 1217 1814 quo
1245 1734 1400 1814 Amphi·

282 1835 436 1913 tryonis
453 1835 585 1893 nominis
603 1836 789 1914 etymologia
805 1837 1062 1913 comprobaretur.
1078 1835 1234 1895 Prellerus
1247 1856 1292 1913 gr.
1303 1836 1398 1914 myth.

283 1936 318 1994 ΙΙ
339 1956 370 2014 p.
396 1939 444 1997 177
468 1956 499 1993 n.
523 1945 554 1997 3:
584 1924 775 2013 Ἀμφιτρύων
797 1955 849 1995 ooo
876 1927 1021 2009 sederich
1043 1940 1317 1995 ermedeunddem
1340 1955 1399 1995 ver-

282 2038 453 2094 stc'r'rlcenden
475 2025 563 2111 ύμφί,
593 2041 652 2095 also
675 2042 726 2096 der
746 2054 820 2113 ponz
841 2039 1022 2096 Ermrtdcnde
1043 2057 1070 2096 e.
1095 2057 1124 2116 q.
1147 2057 1172 2097 s.
1185 2033 1222 2116 2).
1268 2037 1351 2117 quod
1374 2038 1399 2096 si

283 2138 328 2195 ita
351 2146 411 2210 est,
434 2137 524 2197 vides
547 2137 628 2197 boue
651 2159 715 2198 rem
737 2159 822 2198 suam
844 2137 1075 2198 administrasse
1098 2147 1223 2218 poetam
1242 2138 1400 2213 incertum,

285 2257 377 2318 quem
400 2258 456 2316 ego
480 2239 601 2299 confido
624 2240 719 2300 fuisse
741 2241 947 2300 Philetam.
988 2259 1060 2298 nam
1084 2260 1101 2299 e
1124 2248 1264 2320 corrupto
1287 2233 1402 2314 ‹paldo-

284 2354 380 2414 σεται,
411 2339 494 2419 quod
515 2342 549 2400 iu
573 2343 777 2420 etymologico
800 2341 877 2401 illud
900 2342 957 2418 frg.
982 2341 1111 2421 excipit,
1141 2341 1186 2400 nil
1209 2341 1293 2402 aliud
1317 2362 1400 2415 eruo,

286 2458 415 2518 conlatis
438 2458 530 2518 variis
552 2461 709 2539 scripturis
732 2431 786 2535 φύ,
809 2461 880 2534 φυ1,
903 2447 995 2534 φυλαὶ,
1011 2479 1078 2518 cum
1094 2459 1204 2519 eodem
1219 2459 1402 2539 compendio

287 2559 418 2634 Φιλητᾶς
434 2559 614 2639 scripserint
628 2562 754 2622 librarii
778 2563 817 2622 cf.
833 2562 920 2622 Basti
936 2570 1098 2622 comment.
1121 2562 1278 2640 palaeogr.
1295 2583 1326 2640 p.
1341 2569 1401 2623 848.

370 2677 433 2737 Sed
462 2679 596 2760 aliquam
621 2682 716 2740 multa
749 2679 844 2741 habet
871 2679 948 2739 talia
977 2678 1182 2739 Callimachus
1194 2674 1232 2757 ³).
1276 2687 1401 2758 praeter

287 2800 323 2838 ea
347 2781 440 2854 enim,
467 2801 546 2861 quae
568 2782 732 2842 Lcrschius
755 2781 872 2856 attulit,
896 2781 956 2841 huc
977 2781 1053 2840 facit
1074 2781 1106 2839 in
1128 2780 1200 2841 Del.
1223 2790 1257 2843 51
1280 2800 1348 2860 sqq.
1373 2789 1404 2839 et

287 2881 420 2961 quodam
434 2882 525 2942 modo
539 2882 572 2942 iu
587 2884 681 2943 Dian.
697 2891 749 2944 204
765 2882 817 2962 (cf.
834 2881 1004 2942 Prellerum
1019 2902 1064 2960 gr.
1081 2881 1177 2961 myth.
1190 2883 1207 2941 I
1222 2902 1253 2961 p.
1268 2889 1320 2945 229
1329 2877 1402 2961 sq).

287 2992 318 3042 at
339 2984 433 3043 multo
462 2985 634 3062 insigniora
660 2984 739 3044 haec
761 2993 846 3044 sunt:
882 2993 976 3063 etym.
998 3004 1038 3042 m.
1061 3004 1092 3062 p.
1115 2990 1176 3056 319,
1200 2989 1252 3046 43:
1277 2972 1402 3057 Ἑκάλη·

285 3074 304 3158 ἡ
326 3073 434 3163 ἡρωΐς·
458 3083 499 3156 εἰς
514 3077 551 3160 ἣν
567 3081 618 3143 καὶ
633 3083 745 3161 ποίημα
760 3081 872 3162 ἔγραψε
888 3082 1086 3160 Καλλίμαχος·
1109 3073 1128 3160 ἡ
1151 3071 1243 3159 ττρὸς
1266 3071 1404 3157 ἑαυτὴν

286 3175 427 3256 πάντας
454 3185 622 3245 καλοῦσα
652 3205 679 3245 5.
703 3207 733 3266 q.
756 3207 781 3246 5.
794 3181 819 3264 4)
845 3184 898 3264 (cf.
922 3186 1018 3260 suia,
1051 3194 1143 3266 etym.
1168 3184 1250 3248 Gud.
1275 3194 1306 3245 et
1330 3184 1403 3246 Ora·

357 3402 377 3468 1)
395 3405 438 3454 Ea
456 3404 490 3454 de
509 3419 538 3454 re
557 3404 603 3469 qui
622 3403 775 3469 generatim
792 3403 980 3454 disseruerunt
997 3404 1124 3454 iuvenies
1143 3402 1244 3454 citatos
1257 3402 1292 3452 ab
1305 3402 1403 3453 Iahuio

287 3481 430 3542 Palamed.
449 3507 475 3555 p.
494 3490 535 3539 60.
571 3487 677 3540 similes
699 3487 775 3538 lusus
800 3488 847 3553 qui
870 3493 933 3539 sunt
954 3488 983 3538 in
1008 3488 1157 3554 epitaphiis
1179 3491 1364 3539 memorantur
1388 3502 1404 3536 a

287 3572 437 3623 Welchero
455 3572 554 3639 syllog.
574 3590 600 3639 p.
619 3573 652 3623 83
670 3573 797 3637 aliisque.

353 3657 374 3721 ²)
395 3658 433 3708 Ζιι
449 3658 572 3710 Alkmene
592 3665 670 3723 pasc!
686 3659 829 3708 deriderem
848 3658 942 3708 datter
957 3657 1084 3723 papoleno
1102 3658 1195 3717 Nonae,
1217 3648 1402 3722 Ἀμφιτρύων,

289 3744 337 3792 der
354 3742 538 3802 Acherontem,
558 3745 605 3794 der
621 3744 719 3794 schwer
736 3742 884 3794 attollendo
902 3757 924 3792 e.
944 3760 969 3808 q.
986 3759 1010 3792 5.
1044 3740 1208 3793 Welckerus
1226 3758 1267 3807 gr.
1288 3739 1406 3792 Gdttorl.

288 3828 316 3877 II
355 3829 437 3878 ,752

334 3845 375 3975 pa)
395 3913 493 3978 Itaque
512 3913 565 3962 hac
583 3913 666 3962 etiam
685 3913 714 3962 in
732 3928 761 3963 55
780 3911 858 3962 illum
875 3911 988 3962 Nounus
1007 3910 1161 3961 aemulatus
1180 3915 1231 3964 est.
1267 3911 1304 3961 cf.
1322 3909 1404 3960 Dion.

288 3998 369 4048 1397
388 3994 433 4046 cll.
452 3996 495 4046 III
514 3999 577 4060 375,
597 3997 661 4046 XLI
679 3999 742 4060 332,
761 3997 870 4048 111284
888 4011 938 4062 sq„
957 3995 982 4046 V
999 3997 1040 4058 70,
1059 3995 1204 4046 XXXVIII
1222 3996 1269 4057 31,
1288 3992 1406 4044 XLVIII

288 4082 336 4131 27
367 4080 432 4130 alia.

260 4183 262 4186 ·
304 4083 320 4132 5
339 4118 375 4227 ’⁴)
395 4165 474 4227 Quae
492 4165 669 4229 interponunt
686 4130 905 4230 corrupta'codd.
919 4165 943 4213 D
958 4169 986 4216 st
998 4164 1021 4214 P
1033 4168 1096 4230 post
1108 4161 1305 4227 Καλλίμαχοςε
1325 4152 1404 4224 παραὶ

288 4259 318 4316 τὰ
342 4260 384 4326 εἰς
407 4253 535 4330 55171ηῆ
553 4259 671 4330 εἰιιύλην
693 4259 764 4330 πρὸς
787 4237 842 4317 ἕαύ
859 4239 966 4329 τιρστρθε1
985 4265 1036 4331 φιῑ
1059 4258 1114 4331 γὰρ
1137 4256 1175 4322 ὥς
1196 4260 1248 4314 καὶ
1269 4259 1405 4329 nutricios

290 4342 377 4414 ἑκύλη
400 4337 464 4414 σύν,
490 4367 524 4401 ea
548 4349 696 4401 adiuvante
720 4351 799 4400 docto
825 4351 918 4415 aliquo
943 4351 1031 4401 amico
1058 4351 1098 4401 ita
1122 4349 1245 4415 expedii:
1269 4341 1349 4412 nacci
1371 4343 1403 4398 τό
