3284 5158
678 427 890 494 -33..

227 604 373 683 cupiisse,
392 613 426 662 ut
440 604 578 682 *singulis
601 604 683 664 foliis
699 604 754 663 illa
768 604 916 682 inscripta
930 605 1094 682 legeretur.
1130 613 1161 663 et
1175 601 1342 664 admonere

226 707 260 764 in
282 715 427 785 promptu
449 714 496 766 est
516 704 648 784 γραπτοῖς
669 693 837 780 ὑακίνθου,
859 715 893 763 ut
916 707 959 764 ait
974 705 1155 765 Theocritus
1170 705 1203 764 X
1220 714 1268 779 λθ,
1291 706 1344 764 vel

226 795 430 884 πολοθρήνον,
451 815 485 865 ut
507 805 666 866 Nicander
688 806 766 866 ther.
788 815 851 879 902,
875 808 960 866 euius
983 807 1064 866 foliis
1087 808 1206 867 litteras
1227 807 1275 866 AI
1296 809 1342 865 in·

226 910 357 988 scriptas
381 907 565 986 dignoscere
586 916 709 967 veteres
732 907 792 968 sibi
813 907 1009 967 videbantur.
1054 907 1110 968 sed
1132 909 1228 986 magis
1253 910 1344 967 etiam

227 1009 311 1069 valet
326 1009 367 1069 ad
382 1011 570 1069 sententiam
584 1029 684 1068 meam
700 1009 939 1069 confirmandam
953 1010 1084 1070 Nonnus
1095 1009 1190 1069 Dion.
1202 1007 1345 1071 XLVIII

228 1120 279 1174 617
302 1132 374 1192 sqq.

356 1235 394 1316 ὡς
416 1233 509 1304 εἰπάν
531 1240 559 1316 ἐς
573 1235 729 1322 ’Όλνμκον
751 1241 879 1324 ἐπείγετο
901 1241 952 1304 καὶ
974 1236 1067 1325 πτερά
1088 1237 1208 1306 πάλλων

355 1345 543 1424 εἰαρινοῖς
565 1340 788 1409 πετάλοισιν
810 1341 924 1426 ἐχάζετο
946 1347 1032 1406 τοῦτο
1054 1341 1195 1426 χαράξας’

355 1448 486 1525 ίνυμφίε,
509 1445 615 1528 λέκτρα
636 1446 782 1508 τέλεσσον’
809 1470 836 1516 e.
861 1471 891 1531 q.
914 1471 938 1511 s.

164 1653 165 1656 ρ
228 1585 312 1644 unde
336 1585 408 1646 nolo
432 1584 576 1666 equidem
598 1587 772 1664 conligere,
803 1586 932 1666 antiqua
958 1585 1104 1644 memoria
1131 1586 1214 1645 idem
1242 1587 1346 1646 facere

228 1689 373 1746 mortales
397 1708 578 1762 consuesse,
604 1687 687 1769 quod
711 1687 751 1747 de
775 1687 930 1767 Cupidine
951 1689 1037 1748 hisce
1059 1693 1209 1747 narratur.
1256 1709 1346 1768 quem

229 1790 301 1848 olim
322 1809 438 1848 morem
460 1790 595 1867 viguisse
617 1810 672 1849 suo
702 1789 793 1849 facile
816 1809 887 1848 usus
910 1790 1024 1849 iudicio
1049 1809 1066 1849 e
1088 1789 1227 1849 versibus
1252 1788 1345 1849 Calli·
1378 1765 1382 1780 ,

228 1891 362 1950 macheis
398 1891 565 1950 scholiasta
600 1891 819 1970 Aristophanis
857 1891 1016 1954 conclusit.
1067 1911 1252 1971 quamquam
1287 1891 1346 1950 iste

229 1993 426 2053 Boettiehero
450 1991 577 2073 quidem
599 1992 620 2055 l.
645 2013 670 2052 c.
694 2014 725 2073 p.
748 2004 783 2057 53
804 1993 837 2052 id
859 1994 960 2073 ipsum
982 1993 1135 2072 persuasit
1143 1989 1180 2070 ¹).

313 2095 356 2154 Ar
379 2115 439 2175 qua
460 2114 544 2170 vero,
568 2095 701 2174 inquies,
724 2096 846 2154 ratione
864 2093 930 2154 fieri
952 2095 1062 2173 potuit,
1084 2102 1118 2153 ut
1131 2094 1347 2154 Aristaenetus

229 2189 353 2270 φλοιούς
374 2205 568 2270 memoraret,
597 2197 623 2257 si
646 2197 770 2276 quidem
793 2217 896 2256 eorum
916 2197 984 2256 loco
1007 2189 1106 2270 φύλλα
1129 2194 1349 2255 Callimachum

228 2297 374 2358 habuisse
401 2318 509 2360 verum
537 2297 605 2357 est?
638 2317 679 2356 an
707 2299 862 2358 rhetorem
889 2299 1083 2378 corruptelae
1111 2298 1203 2376 culpa
1231 2299 1262 2356 in
1292 2318 1346 2357 suo

231 2400 371 2479 exemplo
401 2400 515 2478 legisse
544 2401 652 2458 statuis
679 2401 831 2473 φλοιοῖσιλ
864 2400 989 2459 minime
1018 2398 1175 2478 equidem,
1205 2397 1262 2458 sed
1286 2399 1346 2458 alio

230 2501 290 2561 fert
312 2503 451 2581 suspitio.
495 2521 629 2582 namque
651 2501 725 2561 mihi
747 2502 938 2560 Aristaeneti
960 2500 1057 2559 verba
1078 2488 1099 2575 γ’γ’
1121 2499 1196 2576 γοῦν
1219 2501 1347 2557 τοσαῦτα

231 2592 323 2660 κατά
345 2603 416 2662 τῶν
432 2602 577 2678 φλοιῶν
600 2597 899 2680 ἐγκεκολαμμένα
915 2591 1247 2679 φέροιτεγράμματα
1268 2623 1347 2660 com-

232 2706 354 2784 paranti
376 2725 443 2764 cum
463 2705 573 2764 Glauci
596 2703 815 2784 epigrammate
844 2703 1026 2762 aBentleio
1059 2703 1120 2760 iam
1143 2703 1236 2762 allato
1260 2703 1345 2761 anth.

231 2807 267 2866 P.
290 2807 340 2866 IX
362 2817 412 2869 541
435 2827 465 2866 v.
489 2815 507 2868 4

383 2938 432 3000 ναλ
455 2939 514 3017 ναί,
537 2931 608 3000 Πάν
630 2931 765 3018 σορικτά,
787 2935 839 3000 καὶ
860 2938 903 3011 εἰς
923 2937 1057 3018 αἴγειρον
1080 2933 1197 2999 ε’κείναν
1293 2941 1295 2946 ’

434 3041 483 3104 σοι’
502 3065 530 3102 τι
552 3031 643 3101 κατά
665 3041 801 3118 φλοιοῦ
822 3032 958 3122 γράμμ’
983 3031 1146 3115 ἕκόλαψε
1170 3036 1264 3118 λέγειν

232 3179 449 3259 perprobabile
471 3179 602 3253 videtur,
626 3180 780 3238 rhetorem
802 3187 833 3238 et
853 3179 944 3254 huius
968 3177 1195 3256 epigrammatis
1219 3185 1250 3235 et
1271 3195 1345 3235 vero

232 3284 421 3342 usitatissimi
449 3284 616 3342 amantium
647 3281 739 3340 moris
772 3300 937 3340 memorem
966 3277 1147 3338 Callimachi
1177 3277 1347 3358 Glaucique

232 3403 338 3444 versus
362 3383 495 3464 quodam
516 3383 607 3444 modo
637 3382 873 3442 contaminasse.
919 3380 1027 3440 eodem
1057 3382 1139 3440 enim
1166 3379 1257 3439 modo
1287 3381 1349 3438 iam

233 3495 326 3545 antea
353 3487 438 3546 illum
460 3507 478 3544 a
501 3485 687 3545 Callimacho
711 3481 934 3543 desciscentem
962 3483 995 3542 in
1024 3484 1128 3542 tritam
1149 3482 1231 3542 viam
1254 3481 1349 3540 decli-

233 3607 326 3648 nasse
347 3587 488 3647 vidimus.
525 3586 610 3646 aliud
632 3605 715 3646 nune
737 3587 933 3667 praeripiam.
964 3584 1047 3664 quod
1063 3583 1229 3644 Acontium
1247 3584 1350 3642 statim

235 3689 456 3749 exclamantem
471 3689 545 3748 facit
560 3669 583 3746 oi
599 3677 740 3764 δυστυχής
756 3679 824 3765 ἐγώ,
847 3687 930 3746 idem
946 3685 1029 3765 apud
1047 3685 1267 3746 Callimachum
1284 3693 1350 3744 erat

233 3792 313 3868 λῑρος
335 3783 401 3868 ἐγώ.
438 3799 469 3850 et
492 3811 558 3849 oum
579 3791 638 3850 hoc
665 3790 851 3867 significaret
872 3792 1015 3864 impudens
1036 3788 1088 3847 vel
1110 3799 1209 3857 atros,
1242 3807 1350 3846 vocem

233 3913 390 3973 perraram
411 3891 449 3951 ab
464 3893 663 3952 Aristaeneto
679 3911 744 3950 non
759 3901 842 3948 recte
859 3909 928 3949 esse
943 3889 1131 3948 intellectam
1145 3889 1349 3948 Buttmannus

231 3995 254 4054 l.
270 4015 295 4054 c.
312 4015 344 4074 p.
361 3999 411 4068 127
435 4002 465 4054 et
481 3993 615 4055 Cobetus
638 4013 748 4052 mnem.
764 3992 814 4050 IX
835 4013 866 4071 p.
885 4001 934 4054 152
949 4011 996 4070 sq.
1018 3990 1227 4050 crediderunt.
1260 3991 1349 4048 immo

233 4139 437 4148 n———n

301 4213 321 4278 ¹)
341 4215 421 4277 Quod
444 4213 493 4264 ille
512 4213 601 4262 addit:
631 4211 851 4262 Wahrsclteialr'ch
871 4211 945 4261 atach
966 4210 1031 4260 ααολ
1048 4211 1164 4260 Ρλοίιλνο
1186 4211 1235 4258 den
1252 4207 1350 4256 Nomen

233 4299 393 4366 Hippolytos
410 4302 437 4349 in
454 4301 497 4350 die
514 4298 633 4349 Blaetter
644 4299 724 4360 Jenes
741 4294 942 4368 Myrtenbcom's
959 4297 1007 4346 der
1018 4295 1163 4358 Aphrodite
1175 4289 1348 4352 Kotoskopr'a,

233 4384 262 4434 id
280 4384 355 4436 nullo
373 4384 453 4435 modo
472 4399 488 4434 e
505 4383 664 4436 Pausaniae
682 4381 773 4432 vorbis
791 4381 818 4431 II
836 4383 878 4444 32,
898 4384 913 4430 3
933 4384 961 4428 et
978 4379 991 4429 I
1008 4381 1050 4442 λλ,
1069 4381 1085 4426 2
1104 4375 1242 4438 conligere
1260 4371 1337 4424 licet.

1100 4457 1146 4535 θλ
