3284 5158
683 403 915 466 -131-

202 562 203 565 ¹
240 563 272 636 τό
290 575 399 651 μῆλον,
418 565 471 634 τόν
483 565 590 652 όρκον,
609 570 660 632 καί
681 575 733 652 τῆς
752 563 920 653 Ἀρτέμιδος
936 565 988 636 τὸν
1009 566 1127 652 θυμόν,
1149 569 1201 633 καί
1221 576 1364 652 παραινεῖ

240 677 354 736 θᾶττον
365 668 491 755 είίορκον
501 663 657 753 όποφῆναι
667 665 723 754 τὴν
733 667 836 755 κόρην.
854 668 960 749 ιόίλλως
973 677 1023 754 ιε’,
1038 674 1121 755 φησί,
1130 673 1193 735 ςκαί
1199 675 1360 754 Κυδίππην

237 767 380 861 Ἀκοντίρι
401 767 561 837 συνάπτων
578 765 615 836 οιί
631 771 775 858 μόλιβδον
788 768 828 838 τίν
842 777 1043 856 συνεπιμίξαις
1055 769 1187 862 ἆρχόρρι,
1206 770 1271 838 ἄλλ’
1291 775 1359 838 έκα·

240 875 371 959 τέρωθεν
385 868 400 938 ό
416 870 509 957 νόμος
521 875 602 940 ἐσται
615 881 760 957 χρνσοῶξ.
783 881 875 940 ταῦτα
891 875 946 957 μέν
958 869 1108 958 έχρησενὸ
1125 882 1260 961 μαυτῶος
1274 873 1358 953 θεός·

241 972 256 1039 ὁ
279 976 311 1040 δέ
329 971 419 1057 όρκος
440 972 502 1057 δίμα
521 982 563 1061 τῷ
584 982 705 1062 χρησμῷ
726 984 944 1062 συνεπληροῦτο
965 985 1026 1053 τοῖς
1048 974 1162 1061 χοίμοις.
1195 980 1231 1041 αί
1252 978 1285 1042 δέ
1309 983 1361 1060 τῆς
1392 995 1408 1046 5

240 1071 346 1153 παιδός
370 1072 552 1158 ἡλικιῶτιδες
571 1073 692 1162 ἐνεργὸν
711 1073 854 1160 ὑμέναιον
880 1069 955 1165 ᾖδον
976 1074 1032 1143 οόκ
1055 1075 1296 1164 ἀναβαλλόμενον
1319 1082 1363 1144 ἔτι

241 1171 310 1242 odet
327 1179 560 1262 διακναιόμενον
577 1176 663 1266 νόσῳ.
688 1182 739 1243 καί
755 1175 775 1263 ἡ
793 1177 973 1257 διδόσκαλος
987 1175 1131 1264 δπέβλεπε
1150 1176 1205 1265 τὴν
1222 1176 1359 1268 όπρίδου-

241 1302 298 1344 σαν
320 1283 371 1345 καί
395 1285 435 1358 είς
457 1279 490 1346 τὸ
515 1283 601 1364 μέλος
624 1285 735 1358 ίκανῶς
755 1283 902 1367 ἐνεβίβαζε
925 1289 1136 1366 χειρονομοῦσα
1159 1277 1211 1348 τὸν
1235 1278 1359 1368 τρόπον·

240 1382 335 1466 ἕτερος
350 1383 382 1447 δὲ
396 1391 457 1461 τοῖς
468 1380 598 1471 ᾅσμασιν
613 1381 770 1469 ἐπεκρότει,
785 1380 868 1466 καλή
882 1379 963 1462 δεξιοί
977 1392 1038 1461 τοῖς
1050 1378 1206 1460 δακτιίλοις
1216 1378 1360 1449 ὑπεσταλ-

240 1485 339 1566 μένοις
358 1481 556 1568 ὑποκειμένην
576 1482 631 1567 τὴν
650 1479 807 1571 ἀριστερὰν
825 1489 962 1570 ἐπληττεν
979 1488 1020 1563 είς
1035 1481 1068 1553 τό
1089 1493 1206 1568 κοῖλον,
1228 1484 1268 1550 ἵν’
1288 1475 1361 1550 ῶσιν
1378 1501 1411 1553 10

241 1589 276 1649 αί
287 1593 377 1670 χεῖρες
392 1583 522 1669 είίφωνοι
537 1586 791 1670 συμπληττόμεναι
803 1585 913 1673 τρόπον
926 1586 1097 1671 κυμβοίλων.
1128 1584 1246 1651 ἅπαντα
1261 1583 1290 1652 δ’
1305 1577 1362 1653 οὖν

240 1684 318 1769 ὅμως
339 1686 500 1776 βραδύνειν
519 1689 615 1754 ἐδόκει
632 1695 673 1774 τῷ
689 1688 849 1778 Ἀκοντίφ,
874 1691 924 1754 καὶ
947 1686 1014 1755 οίίτε
1031 1685 1145 1773 ἡμέραν
1165 1690 1278 1772 ἐκείνης
1295 1687 1360 1756 ἐνό-

241 1809 307 1871 μισε
326 1792 512 1875 μακροτέραν
526 1792 688 1872 ἑωρακέναι
704 1788 770 1856 οίίτε
783 1789 877 1855 νόκτα
890 1794 1077 1875 βραχυτέραν
1093 1797 1144 1874 τῆς
1160 1785 1265 1869 νυκτός
1287 1791 1361 1857 ἐκεί-

243 1918 303 1974 νης.
331 1885 480 1969 Ἀκόντιος
498 1888 552 1957 οόκ
572 1888 612 1957 dv
631 1887 777 1975 ἠλλάξατο
792 1886 845 1958 τόν
861 1898 968 1958 Μίδου
988 1889 1098 1978 χρυσὸν
1120 1887 1190 1958 οόδέ
1213 1889 1266 1959 τόν
1283 1901 1361 1958 Ταυ-

242 1993 334 2059 τόλου
359 2002 489 2058 πλοῦτον
509 1993 678 2059 ἰσοστάσιον
704 1989 803 2079 ἡγεῖτο
830 2003 866 2081 τῇ
891 1994 974 2082 κόρῃ.
1006 1996 1056 2060 καί
1078 1989 1236 2077 σύμψηφοι
1256 1992 1364 2072 ποίντες
1379 2013 1412 2066 15

242 2096 321 2177 ἐμοί,
343 2092 408 2161 όσοι
429 2093 471 2179 μὴ
491 2095 634 2176 καθάπαξ
651 2103 711 2161 τῶν
727 2098 875 2181 ἐρωτικῶν
890 2093 1031 2179 όμαθεῐς·
1051 2090 1104 2162 τόν
1122 2090 1179 2180 χόιρ
1200 2093 1363 2178 ἀνέραστον

243 2194 298 2261 οὐκ
318 2191 438 2274 οίπεικός
459 2195 613 2279 ἆντίδοξον
630 2196 715 2263 εἶναι.
747 2193 763 2264 ό
786 2193 814 2263 δ’
834 2192 889 2262 οὖν
909 2205 945 2284 τῇ
965 2201 1108 2285 παρθένῳ
1127 2200 1238 2283 βραχέα
1256 2225 1362 2264 νυκτο-

241 2293 372 2381 μαχήσας
386 2301 530 2381 ἐρωτικῶς
541 2300 575 2366 τό
587 2327 620 2385 χε
632 2297 737 2366 λοιπὸν
751 2303 909 2386 εἰρηναίου
922 2295 1069 2366 οίπέλαυεν
1080 2292 1206 2383 ἡδονῶν.
1238 2300 1362 2367 ἐκαίοντο
1377 2339 1385 2346 -

243 2401 275 2465 δὲ
287 2395 362 2464 κατόι
374 2398 495 2483 δείματα
508 2406 608 2480 δαΐδες
622 2405 657 2467 ἐκ
671 2406 838 2487 λιβανωτοῦ
857 2407 1055 2487 συχκείμεναι,
1071 2398 1144 2466 ῶστε
1158 2399 1220 2484 ἅμα
1234 2389 1364 2468 καίεσθαι

243 2505 294 2568 καὶ
313 2511 486 2586 θυμιῶσθαι
508 2506 558 2568 καί
578 2508 716 2588 παρέχειν
737 2502 768 2569 τό
786 2511 849 2586 φῶς
863 2503 926 2587 μετ’
947 2499 1080 2579 εόωδίας.
1106 2500 1200 2568 πόλοι
1215 2507 1317 2570 τοίνυν
1333 2507 1367 2567 αἱ
1378 2521 1413 2574 20

242 2607 391 2690 παρθένοι
401 2610 681 2689 συναριθμουμένης
688 2601 791 2682 αὐταῖς
800 2613 852 2688 τῆς
860 2609 1016 2687 Κυδίππης
1027 2606 1236 2670 ἐπλεονέκτουν
1246 2605 1365 2689 σφόδρα

243 2713 302 2770 τῶν
322 2714 484 2790 γυναικῶν,
499 2705 552 2772 τὸν
569 2715 728 2788 κολοφῶνα
748 2709 893 2790 φέρουσαι
907 2713 958 2789 τῆς
973 2703 1159 2790 εὐπρεπείας·
1179 2707 1247 2770 νυνί
1264 2706 1296 2769 δὲ
1312 2712 1364 2787 τῆς

311 2999 337 3034 v.
356 2985 372 3034 2
395 2978 467 3048 φησί
483 2979 642 3047 Κυδίππην
665 2984 765 3046 codex,
790 2982 843 3033 καί
858 2982 975 3033 inseruit
991 2981 1159 3032 Hercherue.
1183 3007 1217 3018 —-
1239 2983 1294 3033 v.3
1311 2975 1363 3045 μό·

244 3065 345 3133 λιβδον
369 3068 470 3130 codex,
498 3062 644 3134 μόλυβδον
666 3068 759 3134 vulgo.
784 3095 816 3102 -
843 3085 869 3118 v.
893 3069 909 3117 6
931 3057 1105 3133 ἡλικιότιδες
1127 3065 1223 3117 codex.
1245 3091 1289 3126 -,
1302 3081 1328 3116 v.
1348 3067 1363 3116 7

245 3144 382 3219 ἐπέβλεπε
405 3152 505 3216 codex,
529 3143 671 3220 δπέβλεπε
695 3169 710 3202 e
732 3151 900 3203 Philostrato
918 3151 1071 3202 Dorviilius
1089 3149 1195 3200 Churit.
1214 3166 1241 3216 p.
1258 3152 1308 3201 509
1327 3150 1363 3200 εδ

246 3239 308 3301 130,
333 3239 364 3286 19
388 3237 432 3287 εδ.
453 3237 550 3288 Reisk.
592 3228 759 3288 ἐποίδουσαν
782 3235 844 3301 (eie)
869 3237 969 3299 codex,
998 3225 1169 3302 οίπρίδουσαν
1193 3249 1207 3284 e
1230 3234 1362 3286 Philostr.
1406 3220 1413 3230 ¹

245 3324 347 3388 imagg.
366 3323 516 3373 Mercerus.
541 3338 567 3374 v.
586 3338 657 3387 quae
677 3323 816 3388 disputavi
833 3339 859 3387 p.
872 3322 905 3372 95
917 3335 957 3385 sq.
976 3346 1007 3356 -
1026 3336 1052 3370 v.
1071 3321 1087 3371 8
1105 3313 1155 3370 τὸν
1172 3311 1280 3382 τρόπον
1292 3321 1364 3370 Her-

246 3406 328 3458 chero
346 3411 513 3473 suspectum.
538 3435 569 3443 -
594 3425 619 3457 v.
639 3410 670 3458 10
694 3401 736 3467 είς
753 3403 804 3457 τὸν
821 3407 921 3458 κοῖλον
940 3405 1039 3465 codex,
1066 3399 1108 3464 είς
1125 3397 1157 3456 τό
1175 3404 1274 3456 κοῖλον
1291 3404 1365 3455 Μετ-

247 3507 335 3542 cerus.
361 3492 398 3545 cf.
411 3492 569 3542 Iecobeium
582 3491 711 3545 Philostr.
722 3493 826 3558 imagg.
839 3509 867 3558 p.
879 3494 928 3542 221
944 3491 1017 3556 adp.
1031 3493 1056 3556 7,
1068 3492 1110 3541 21.
1123 3517 1156 3527 -
1173 3506 1199 3541 v.
1214 3492 1246 3540 13
1258 3487 1364 3556 βραδυ-

246 3570 333 3639 τέραν
350 3577 500 3628 Piereonus
512 3577 632 3628 verisim.
644 3594 669 3642 p.
684 3579 741 3628 700.
776 3571 956 3643 βραχυτέραν
972 3574 1024 3640 τῆς
1037 3567 1138 3634 νυκτός
1151 3565 1263 3640 ἐκείνης
1273 3563 1364 3625 ἰίκόυ-

246 3677 305 3719 τιος
330 3662 425 3712 codex.
466 3697 545 3714 .....
568 3655 757 3728 βραχυτέραν.
780 3659 830 3726 τῆς
848 3654 950 3720 νυκτός
969 3652 1081 3726 ἐκείνης
1097 3650 1234 3718 Ἀκόντιος
1252 3675 1276 3710 ε.
1296 3675 1321 3724 q.
1342 3675 1364 3710 ε.

246 3746 452 3797 Valckenarius
469 3747 499 3796 in
518 3746 640 3796 editione
658 3745 850 3797 Abreschiona
867 3762 894 3811 p.
909 3747 965 3795 127.
997 3736 1136 3803 Ἀκόντιος
1154 3744 1183 3794 in
1201 3749 1305 3795 textum
1322 3745 1364 3792 in·

247 3830 333 3880 latum
345 3836 426 3897 putat
437 3829 615 3896 Abreschius,
629 3846 689 3882 cum
702 3831 778 3897 prius
791 3831 922 3894 scriptum
935 3829 1036 3879 fuisset
1048 3865 1054 3878 .
1064 3865 1070 3878 .
1081 3865 1087 3877 .
1100 3865 1106 3878 .
1130 3819 1251 3894 ἐκείνης,
1263 3816 1298 3895 ἧς
1311 3820 1363 3878 ον’κ

246 3904 285 3965 όίν
301 3913 347 3966 vel
365 3904 435 3967 ῶστε
453 3906 504 3968 οόκ
521 3903 559 3966 όίν
575 3932 598 3966 e.
615 3932 640 3982 q.
656 3931 677 3968 ο.
707 3915 742 3967 cf.
761 3929 833 3979 quae
852 3914 992 3978 disputavi
1009 3930 1035 3978 p,
1054 3914 1095 3964 98.
1118 3940 1152 3949 -
1173 3929 1200 3965 v.
1220 3915 1251 3963 14
1268 3906 1365 3978 μήδου

247 4001 348 4066 codex,
372 3999 474 4053 Μίδου
490 4000 641 4051 Μετοεταε.
666 4028 696 4036 -
720 4016 747 4050 v.
767 4001 798 4050 15
820 3990 916 4048 πάντα
938 3995 1062 4050 πλοῶτον
1085 3998 1187 4062 codex,
1212 3991 1364 4047 Ταντάλου

246 4083 378 4136 πλοῦτον
388 4086 529 4137 Reiskius.
553 4114 585 4122 -
612 4102 638 4137 v.
658 4088 688 4136 17
707 4075 745 4144 ῶς
764 4076 792 4134 δ’
812 4069 865 4134 σόν
884 4084 982 4146 codex,
1002 4074 1017 4134 ὁ
1037 4075 1066 4133 δ’
1085 4069 1139 4134 σόν
1155 4084 1312 4144 Mercerue,
1331 4068 1363 4138 ὃς

248 4159 277 4220 δ’
292 4155 343 4222 οὖν
360 4170 500 4222 Reiekius.
519 4197 551 4206 -
573 4187 599 4222 v.
619 4173 650 4221 18
668 4163 731 4220 τότε
751 4163 851 4219 λοιπόν
869 4169 969 4231 codex,
994 4160 1026 4218 τό
1044 4184 1076 4235 χε
1094 4159 1195 4218 λοιπόν
1212 4166 1363 4215 Μετοοτοε.

249 4249 336 4306 ἐκοιον
354 4257 455 4316 codex,
476 4248 596 4306 ἐκαίοντο
615 4254 784 4304 Hercherun.
804 4281 835 4290 —
858 4270 884 4304 v.
905 4256 936 4304 19
955 4251 1093 4304 καίεσθαι
1112 4253 1212 4313 codex,
1236 4242 1363 4299 καίεσθαι

247 4339 414 4391 Hercherue.
434 4367 466 4377 —
484 4356 510 4391 v.
529 4342 562 4390 22
580 4337 746 4403 κολοφῶναι
764 4337 864 4401 codex,
884 4335 1037 4402 κολοφῶνα
1056 4337 1143 4388 editio
1160 4335 1298 4401 princepe.

1114 4417 1161 4481 9*
