3284 5158
679 445 890 509 ..95-

232 619 371 680 eiusdem
387 623 582 680 coniecturae
600 620 733 700 quodam
748 617 838 680 modo
856 628 902 679 est
916 618 1078 680 fideiussor
1099 628 1193 698 poeta
1207 619 1347 680 Latinus.
1388 649 1390 656 v

232 723 283 802 qui
313 724 394 783 enim
421 723 678 802 epistulae-XXI
707 722 838 782 curatius
868 720 1056 782 examinabit
1078 730 1174 781 artem
1197 731 1228 781 et
1250 723 1347 781 consi-

229 825 303 882 lium
325 823 525 884 considerans
548 825 678 883 maxime
693 844 723 882 v.
740 831 894 897 189—206,
918 823 1001 884 huno
1023 825 1130 902 fugere
1145 843 1209 882 non
1224 823 1346 902 poterit,

230 926 330 1004 qualis
353 925 447 984 animi
468 927 636 985 immutatio
665 926 698 983 in
727 945 764 984 ea
786 933 942 998 cernatur,
973 927 1112 1005 quamvis
1139 925 1263 985 interim
1289 943 1349 983 nec

229 1027 394 1086 Acontium
418 1024 565 1106 Oydippa
586 1027 707 1099 viderit,
731 1045 791 1085 nec
812 1027 874 1100 ille,
898 1032 944 1085 cui
963 1031 1157 1086 destinabatur
1177 1045 1262 1097 uxor,
1285 1027 1347 1084 ullo

231 1135 321 1206 pacto
346 1145 413 1187 eam
436 1126 610 1188 offenderit.
655 1147 691 1186 ac
714 1129 820 1206 pulcra
849 1136 895 1187 est
924 1129 1034 1188 amoris
1056 1129 1147 1188 modo
1171 1127 1348 1188 enascentis

231 1229 339 1308 suique
361 1230 415 1290 vix
436 1228 509 1287 dum
531 1230 645 1290 conscii
667 1237 753 1292 ⁴tecta
774 1229 958 1306 significatio
980 1249 1010 1288 u.
1033 1238 1189 1303 roe—mu,
1213 1230 1349 1308 apertior

230 1331 264 1387 in
295 1330 363 1407 ipso
395 1331 478 1389 exitu
507 1331 658 1410 epistulae
690 1350 720 1390 v.
748 1336 799 1391 24⁷
822 1350 868 1410 sq.
918 1331 995 1389 hacc
1023 1331 1097 1391 satis
1126 1332 1202 1405 sint,
1238 1329 1348 1410 quibus

230 1439 447 1508 cognoscatur,
475 1434 559 1511 quali
581 1433 700 1492 ratione
723 1440 817 1511 poeta
838 1432 969 1491 rhetoris
992 1451 1089 1510 agens
1112 1441 1217 1511 partes
1240 1452 1279 1490 ex
1301 1451 1347 1490 ar·

230 1542 376 1610 gumento
406 1535 432 1592 si
460 1534 542 1613 quod
571 1534 656 1594 aliud
686 1533 802 1592 lubrico
826 1553 862 1592 ac
885 1533 1002 1592 difficili
1024 1553 1093 1592 sese
1117 1533 1299 1612 expedierit.

314 1634 509 1715 Sequebatur
545 1637 721 1714 nuptiarum
757 1633 937 1715 descriptio,
977 1655 1091 1714 easque
1124 1635 1225 1712 cogita
1256 1633 1347 1692 Deli

230 1735 410 1796 celebratas.
420 1733 445 1814 ¹)
489 1737 549 1795 hoc
578 1737 659 1797 enim
687 1736 814 1796 credere
846 1757 904 1796 nos
933 1744 1016 1796 certo
1046 1735 1131 1794 iubet
1158 1755 1217 1796 nec
1243 1735 1347 1793 fallaci
1401 1799 1407 1808 ,

229 1837 343 1898 indicio
367 1837 498 1898 Ovidius
521 1839 587 1898 XX
609 1847 662 1901 233
681 1859 751 1918 sqq.
830 1903 838 1916 ⁸

380 1980 477 2033 iuncto
498 1979 575 2033 solus
596 1980 695 2033 nostro
718 1979 768 2031 est.
814 1979 945 2032 miserere
967 1979 1059 2048 tuique
1081 1977 1195 2048 meique.

432 2081 499 2150 quid
519 2079 632 2135 dubitor
653 2094 737 2134 anem
757 2077 839 2150 serre
861 2079 966 2134 duobus
987 2083 1086 2149 opem?

381 2181 455 2251 qaod
475 2182 501 2235 si
520 2181 672 2252 corruperit,
695 2196 756 2235 cum
777 2181 833 2234 iam
856 2180 1025 2252 daturique
1047 2179 1194 2246 sonabunt,

433 2283 575 2353 tinctaque
597 2283 684 2338 votivo
706 2283 840 2353 sanquine
860 2281 966 2337 Delos
988 2285 1044 2336 erit
1064 2312 1116 2337 -.

230 2433 266 2472 ac
288 2413 379 2472 facile
401 2413 460 2472 hoc
488 2415 609 2474 oraculo
639 2423 838 2493 praeceptum
860 2413 961 2473 fuerit.
1006 2412 1063 2474 sed
1090 2432 1200 2492 reapse
1224 2431 1347 2492 quoque

230 2515 308 2574 nihil
329 2513 464 2574 habebat
485 2516 663 2584 insolentis,
690 2522 724 2573 ut
752 2517 879 2594 nuptiae
906 2514 961 2574 sub
992 2515 1129 2576 eiusdem
1158 2513 1236 2574 deae
1260 2515 1347 2593 quasi

232 2617 326 2675 oculis
350 2625 380 2676 et
403 2617 483 2675 circa
506 2615 616 2676 eadem
637 2617 690 2675 illa
718 2635 805 2676 sacra
828 2614 1077 2690 celebrarentur,
1113 2635 1194 2695 quae
1215 2615 1348 2674 feliciter

231 2719 461 2778 consociassent
482 2738 539 2796 par
561 2719 733 2795 coniugum.
777 2719 903 2776 istorum
925 2725 1027 2777 autem
1048 2736 1206 2789 versuum,
1237 2716 1346 2796 quibus

230 2827 323 2898 poeta
343 2820 437 2878 finem
455 2820 529 2880 fecit
552 2820 704 2898 epistulae
722 2819 851 2892 Aconti,
876 2837 955 2897 quac
978 2819 1017 2876 sit
1038 2818 1211 2891 auctoritas,
1237 2818 1347 2876 clarius

232 2920 385 2979 elucescet
414 2940 453 2980 ex
476 2940 513 2980 ea
540 2921 765 3002 disputatione,
796 2939 887 2999 quam
914 2920 1024 2980 tertiae
1051 2919 1142 2979 huius
1170 2920 1346 2997 scriptionis

230 3023 311 3101 parti
333 3023 537 3101 seposuimus.
581 3042 640 3081 nec
662 3022 776 3100 poterit
803 3022 911 3080 mirum
933 3021 1074 3100 cuiquam
1094 3019 1195 3080 videri
1216 3028 1286 3100 post
1309 3039 1347 3078 ea

232 3143 311 3202 quac
341 3124 547 3198 disseruimus,
571 3123 801 3184 Aristaenetum
824 3121 950 3202 quidem
971 3141 1039 3182 eam
1058 3142 1124 3180 rem
1138 3129 1171 3180 ut
1186 3123 1345 3180 mentione

230 3225 329 3284 minus
354 3224 479 3303 dignam
499 3225 640 3285 tacuisse.

314 3327 426 3386 Denuo
464 3346 547 3386 nunc
580 3327 717 3405 virgines
755 3325 921 3407 Cydippae
959 3327 1104 3406 aequales
1140 3326 1347 3405 hymenaeum

231 3438 346 3487 canunt
361 3449 425 3488 non
441 3426 571 3507 amplius
591 3430 652 3487 iam
667 3429 873 3508 interruptum
889 3427 1087 3507 dilatumque.
1109 3461 1153 3474 —-
1173 3427 1251 3487 haec
1265 3427 1347 3486 bene

230 3529 375 3590 habeant.
420 3529 476 3590 sed
499 3528 608 3610 quibus
630 3531 690 3590 ista
711 3532 772 3590 iarn
795 3531 1012 3610 expinguntur,
1037 3551 1074 3590 ea
1095 3529 1174 3588 nihil
1195 3539 1266 3588 sunt
1287 3529 1348 3589 nisi

231 3638 321 3691 cento
351 3631 490 3711 quidam,
525 3651 615 3711 quem
644 3630 752 3711 putide
782 3640 941 3691 consutum
969 3633 1171 3711 interpolavit
1197 3632 1345 3710 sophista.
1455 3671 1456 3676 τ

233 3732 259 3791 is
283 3732 366 3791 enim
380 3733 430 3791 hie
445 3753 567 3813 quoque
590 3732 789 3814 impudenter
812 3734 989 3812 compilavit
1010 3733 1238 3807 Philostratum,
1263 3734 1346 3792 ouius

234 3833 310 3894 duas
340 3835 470 3914 phrases
494 3835 779 3908 conferruminavit,
815 3855 909 3893 unam
938 3854 976 3893 ex
1001 3835 1114 3912 imagg.
1142 3835 1213 3896 ΠΙ
1247 3830 1298 3891 καὶ
1326 3823 1345 3908 ἡ

234 3929 410 4008 διδάσκαλος
432 3925 594 4014 ὑποβλέπει
614 3925 670 4012 τὴν
692 3925 869 4020 ἆκᾴόοοσοιν
891 3934 1037 4012 κροτοῦσα
1059 3925 1111 4005 τοὶς
1132 3938 1230 4014 χεῖρας
1245 3931 1296 3993 καὶ
1319 3931 1348 4006 ἐς

231 4023 265 4094 τὸ
292 4033 379 4114 μέλος
407 4037 518 4110 [κακῶς
545 4031 760 4117 ἐμβιβάζοοσο,
789 4039 918 4098 alteram
945 4038 1099 4098 Iiextr.
1139 4033 1190 4094 καὶ
1218 4027 1237 4112 ἡ
1268 4024 1348 4107 δεξιοὶ

232 4141 295 4210 τοῖς
318 4134 473 4211 δακτύλοις
495 4131 725 4218 intercipimus
746 4127 947 4217 ὑποκειμένην
969 4128 1023 4214 τὴν
1051 4128 1206 4217 ἀριστερὰν
1228 4130 1346 4213 πλήττει

233 4299 434 4310 ————..-.-

301 4394 321 4460 ¹)
338 4395 400 4446 Hoc
418 4411 436 4446 a
453 4395 622 4445 Buttmanno
639 4394 659 4448 l.
677 4410 700 4448 c.
720 4411 746 4460 p.
766 4395 814 4444 118
832 4393 1062 4459 praetermissum.
