3254 5158
767 447 975 511 -32-

467 618 587 680 Ψευδέα
608 619 782 696 μυθίζουσι,
808 613 966 695 Θεόκλεες,
988 611 1028 692 ὡς
1050 611 1165 697 ἀγαθαὶ
1187 616 1241 696 μέν

506 723 541 780 αἱ
559 718 702 800 Χάριτες,
725 719 839 798 τρισσαὶ
863 711 890 779 d’
914 717 969 780 elci
992 709 1058 780 κατ’
1079 711 1265 800 Ὀρχομενόν.

464 816 588 883 censuim
609 813 665 902 γὰρ
688 820 759 882 δέκα
780 827 841 882 σεῖο
864 823 1072 903 περισκιρτῶσι
1093 815 1249 902 πρόσωπα,

505 919 672 1003 τοξοβόλοι,
695 921 815 1002 ψυχέων
837 917 968 1004 ἅρπαγες
989 916 1158 1004 ἀλλοτρίων.

312 1090 438 1138 atvero
468 1080 566 1158 ipsum
589 1080 819 1138 Aristaenetum
843 1098 881 1138 ex
911 1076 1058 1158 Cydippe
1085 1079 1154 1157 ipsa
1182 1097 1306 1137 sensum
1327 1078 1426 1151 istum,

311 1181 513 1254 transtulisse,
537 1180 569 1238 id
590 1181 641 1239 vel
659 1180 734 1239 inde
757 1180 823 1239 veri
844 1180 943 1239 minus
965 1181 1063 1240 simile
1079 1179 1231 1254 redditur,
1256 1179 1339 1260 quod
1353 1179 1429 1238 talia

311 1292 383 1340 sunt
407 1282 484 1341 sede
512 1283 617 1341 vicina
645 1280 817 1362 eademque
847 1282 949 1340 colore
978 1281 1097 1354 affinia,
1128 1301 1207 1362 quae
1235 1280 1427 1340 manifestius

312 1383 404 1440 etiam
426 1403 445 1441 a
467 1383 589 1443 rhetore
618 1383 741 1442 adiectu
770 1367 853 1442 sinti
879 1372 931 1439 τόν
954 1377 984 1440 δὲ
1008 1379 1074 1439 νέον
1097 1377 1243 1460 ἐκόσμουν
1275 1373 1427 1459 ὀφθαλμοὶ

311 1479 433 1560 φαιδροὶ
456 1479 512 1560 μέν
535 1473 575 1554 οἷς
597 1477 705 1562 κόρον,
729 1479 853 1563 φοβεροὶ
874 1477 908 1542 δέ
926 1472 964 1554 ὧς
978 1477 1133 1562 σώφρονος
1149 1479 1198 1542 καὶ
1215 1476 1330 1560 φύσεως
1347 1481 1427 1560 έρεο·

311 1589 369 1654 θος
391 1574 519 1655 εὐανθὲς
542 1581 694 1664 έοτιτρέχον
716 1588 780 1655 ταῖς
802 1587 949 1663 παρειαῖς.
978 1586 1021 1644 ita
1044 1586 1126 1644 enim
1147 1587 1330 1646 correxerim
1350 1585 1427 1644 duce

311 1687 526 1766 Xenophonte
553 1689 708 1766 Ephesio,
741 1706 832 1768 quem
861 1686 1034 1746 identidem
1063 1688 1216 1747 serviliter
1245 1688 1427 1766 excripsisse

310 1788 559 1862 Aristaenetum,
594 1788 716 1868 pridem
745 1788 940 1848 observatum
967 1796 1025 1847 est.
1049 1789 1088 1847 cf.
1110 1789 1359 1868 Peerlkampium
1387 1787 1426 1846 ad

309 1890 458 1968 Xenoph.
481 1891 599 1968 Ephes.
623 1911 654 1969 p.
677 1899 721 1952 83.
746 1900 804 1952 115.
834 1897 894 1952 144.
924 1901 985 1952 155.
1014 1891 1102 1970 isque
1125 1891 1189 1966 12,
1213 1899 1244 1953 6:
1273 1880 1426 1965 ὀφθαλμοὶ

309 1989 430 2066 γοργοί,
460 1986 582 2064 φαιδροὶ
609 1986 664 2067 μὲν
694 1979 733 2062 ὡς
761 1984 868 2067 κόρης,
897 1986 1018 2067 φοβεροὶ
1043 1987 1074 2050 di
1097 1980 1136 2060 ὡς
1163 1983 1325 2066 σώφρονος.
1356 1999 1427 2050 sunt

311 2092 393 2148 enim
409 2091 631 2151 efflorescentia
646 2093 813 2151 iuventutis
830 2092 908 2150 oculi
923 2089 1053 2168 φαιδροί.
1080 2092 1266 2171 Apollonius
1281 2093 1315 2151 II
1329 2100 1364 2154 43
1378 2113 1426 2172 sq.

503 2230 582 2298 τοῖος
605 2225 657 2302 ἔην
682 2216 755 2297 Διὸς
776 2221 858 2300 οἶός,
882 2224 924 2286 ἔτι
947 2220 1109 2306 χνοάοντας
1130 2220 1250 2298 ἰούλους

503 2319 662 2397 ἀντέλλων,
686 2325 730 2387 ἔτι
751 2316 877 2406 φαιδρὸς
900 2323 932 2384 έν
953 2320 1091 2406 ὄμμασιν.

309 2480 347 2538 ο.
372 2465 579 2540 aunarium
604 2489 680 2544 1023.
705 2491 735 2540 a
757 2481 893 2560 pannum
916 2481 1005 2540 anter
1025 2481 1173 2560 Alciphro
1196 2481 1270 2554 ras,
1286 2489 1313 2543 s.
1348 2481 1426 2539 aaa

309 2582 400 2658 igitur
415 2581 645 2641 Aristaenetum
667 2590 754 2661 patet
777 2582 816 2641 ad
839 2581 966 2641 verbum
983 2583 1227 2660 eXenophonte
1249 2583 1424 2660 sumpsisse,

309 2682 398 2742 sicuti
428 2688 512 2742 recte
545 2683 684 2743 iudicant
715 2683 870 2742 amborum
904 2684 993 2743 simul
1024 2684 1224 2762 interpretes,
1257 2691 1291 2742 ut
1318 2684 1426 2762 procul

307 2783 453 2842 habenda
475 2785 516 2844 sit
538 2784 719 2844 Callimachi
744 2786 899 2845 memoria.
925 2783 1053 2864 ,quibus
1081 2785 1185 2843 finitur
1213 2783 1349 2863 denique
1372 2785 1425 2844 de·

307 2885 434 2963 scriptio
461 2882 512 2942 καὶ
540 2879 657 2959 φύσεως
685 2884 809 2962 ἔρευθος
838 2907 865 2946 ο.
889 2907 920 2966 q.
943 2906 978 2959 s.,
1009 2906 1046 2944 ea
1073 2905 1112 2944 ex
1140 2885 1236 2964 ipsius
1266 2885 1424 2964 sophistae

308 2987 433 3046 officina
454 2986 608 3065 prodiisse
629 2986 778 3049 videntur
800 2989 964 3047 evincente
987 2988 1054 3046 loco
1083 2987 1249 3060 simillimo,
1281 3006 1372 3066 quem
1395 2998 1425 3046 et

307 3088 430 3146 Bestius
459 3089 574 3163 attulit,
604 3090 691 3150 1121
716 3109 747 3167 p.
772 3099 837 3152 193:
871 3085 921 3146 καὶ
949 3082 1064 3162 φύσεως
1093 3075 1273 3146 αὖτόσκενον
1301 3080 1425 3168 ἔρευθος

237 3184 241 3191 ’
307 3183 450 3268 ἐπιτρέχει
472 3192 536 3260 ταῖς
557 3191 702 3266 παρειαῖς.

390 3291 457 3348 Iam
479 3290 572 3368 igitur
595 3289 736 3369 dispicis‚
768 3299 864 3350 totum
890 3293 974 3350 hunc
1000 3293 1115 3366 locum,
1147 3292 1200 3371 qui
1229 3299 1369 3351 versatur
1390 3292 1423 3350 in

307 3390 423 3448 Aconti
446 3389 674 3470 Cydippaeque
705 3393 918 3452 formonsitato
947 3394 1039 3453 altius
1066 3393 1208 3452 tollenda
1230 3402 1261 3453 et
1289 3392 1423 3473 quodam

306 3490 399 3550 modo
423 3491 637 3567 describenda,
662 3494 777 3552 nullam
798 3494 946 3554 videlicet
968 3514 1032 3553 rem
1054 3496 1265 3554 continentem
1287 3514 1365 3575 quae
1382 3493 1423 3552 ad

306 3592 439 3673 aliquam
462 3592 613 3652 conducat
634 3595 799 3673 imaginem
823 3597 924 3655 animo
947 3596 1187 3672 informandam,
1211 3595 1249 3654 ab
1272 3597 1339 3675 ipso
1355 3597 1422 3654 rhe-

304 3702 373 3753 tore
397 3715 454 3773 pro
477 3714 631 3774 purpureo
654 3716 760 3776 panno
783 3699 966 3776 paraphrasi
989 3717 1057 3758 esse
1080 3707 1228 3774 assutum,
1256 3707 1331 3776 puto
1362 3717 1422 3777 quo

305 3795 404 3854 nitide
428 3797 571 3875 oppleret
594 3798 681 3878 quasi
705 3797 862 3878 quoddam
884 3799 973 3857 hians
996 3800 1150 3873 foramen,
1175 3797 1258 3878 quod
1280 3798 1312 3856 in
1329 3797 1421 3857 Calli·

304 3897 432 3955 machea
455 3899 651 3958 enarratione
674 3899 734 3958 sibi
756 3900 914 3959 videretur
937 3899 1192 3979 deprehendisse.
1224 3899 1307 3980 quod
1329 3901 1356 3959 si
1378 3901 1422 3958 ita

306 4005 366 4071 est,
402 3997 605 4059 Callimachus
637 4002 875 4080 pulcritudinem
905 4001 1041 4060 divinam
1071 4002 1179 4060 relicta
1213 4001 1421 4080 descriptione

305 4099 415 4158 effectu
436 4108 555 4160 tantum
577 4101 669 4161 modo
693 4102 834 4182 probavit
855 4103 1040 4181 legentibus.
1053 4099 1076 4181 ¹)
1108 4103 1141 4162 id
1158 4103 1240 4183 quod
1263 4102 1337 4162 boni
1352 4121 1421 4161 esse

373 4318 392 4380 ¹)
410 4320 480 4371 Nam
489 4320 571 4370 latini
582 4324 682 4386 poetae
693 4320 874 4387 descriptioni
885 4338 927 4387 ep.
938 4322 988 4372 XX
999 4325 1031 4374 55
1040 4337 1099 4388 sqq.
1113 4321 1153 4372 nil
1166 4335 1226 4372 cum
1237 4281 1419 4372 (lallimacho.

304 4409 426 4456 ceterum
451 4404 522 4470 quod
544 4406 685 4457 Lucienus
707 4405 859 4457 Muellerus
881 4406 915 4457 de
937 4422 967 4457 re
990 4411 1069 4458 metr.
1092 4425 1119 4474 p.
1136 4409 1170 4457 49
1189 4411 1285 4458 contra
1308 4407 1422 4458 Thetidis
