3254 5158
669 415 878 482 ν..57,.

215 610 301 650 suam
324 590 531 648 narrationem
555 589 731 650 distinxerit
751 591 805 650 vix
827 610 862 650 ac
885 610 925 649 ne
947 592 1001 650 vix
1024 590 1157 671 quidem
1171 591 1330 652 dubitave-

214 692 279 751 rim.
325 699 418 771 atque
443 711 546 751 eorum
569 693 699 752 fortasse
722 693 871 771 ipsorum,
905 692 1014 772 quibus
1038 693 1168 753 eandem
1190 714 1254 753 rem
1276 694 1330 754 ille

214 801 392 872 persecutus
410 803 484 868 erat,
501 792 647 853 habemus
664 795 801 853 frustum.
825 815 896 852 nam
913 793 1144 854 Choeroboscus
1159 797 1192 853 in
1208 796 1329 856 Theod.

215 916 283 954 can.
307 916 337 975 p.
364 904 404 969 15,
429 906 478 956 li:
506 887 589 953 άλλυι
613 890 644 953 δὲ
668 891 809 973 λέγουσιν,
833 886 877 952 ὅτι
901 885 950 952 διά
971 894 1057 954 τοῦτο
1080 891 1145 970 περί
1168 897 1228 954 τῶν
1243 894 1290 968 Ἰείς
1313 912 1331 953 σ

214 991 363 1073 ληγόντων
385 995 503 1073 πρῶτον
527 988 739 1074 διαλαμβάνει,
763 986 864 1072 ἐπειδὴ
885 985 921 1054 τά
943 995 983 1066 εἰς
1005 1013 1022 1054 σ
1044 989 1172 1075 λήγοντα
1196 995 1327 1074 δυσχερέ-

214 1089 302 1177 στερά
324 1095 378 1156 εἰσι
400 1097 460 1156 τῶν
482 1097 523 1168 είς
545 1120 577 1170 ν,
600 1097 630 1173 ξ,
653 1118 687 1176 ρ,
710 1111 736 1174 ψ
758 1091 922 1176 ληγόντων,
952 1088 1053 1176 ἐπειδὴ
1081 1089 1157 1157 κατά
1185 1087 1236 1157 τδν
1259 1115 1329 1177 συγ-

213 1195 329 1278 γραφέα
354 1197 544 1274 Θουκυδίδην
567 1189 744 1278 (ἀρχόμενοι
765 1190 874 1270 πάντες
895 1187 1032 1274 ὀξύτερον
1055 1192 1328 1278 διαλαμβάνονται’.

214 1297 264 1359 καί
288 1301 472 1379 Καλλίμαχος
496 1298 527 1361 δὲ
549 1291 581 1360 cd
604 1292 677 1360 αάτδ
700 1301 785 1360 τοῦτο
809 1297 884 1380 λέγει

456 1429 614 1515 άρχάμενοι
636 1437 747 1514 μανίην
770 1430 913 1514 ὀξυτάτην
935 1434 1047 1515 ἔχομεν.
1338 1443 1368 1483 ¹X

195 1562 319 1631 τούτου
343 1559 437 1652 χάριν
452 1563 511 1632 irad
533 1573 593 1631 τῶν
616 1571 847 1651 δυσχερεστέρων
869 1572 988 1651 πρῶτον
1009 1564 1126 1650 ἤρξατο,
1149 1571 1200 1632 ἵνα
1220 1569 1252 1630 ἐν
1267 1565 1329 1656 ὅσῳ

214 1670 269 1732 εἰσὶ
293 1666 446 1751 πρόθυμοι
467 1673 499 1733 ol
518 1672 580 1733 νέοι
601 1667 740 1752 μάθωσιν
763 1663 849 1734 αὐτά.

297 1793 403 1853 Audin
429 1794 569 1874 lepidum
592 1795 843 1873 grammatistam‚
876 1795 928 1874 qui
952 1793 1172 1855 Callimachum
1195 1797 1329 1875 aliquem

213 1895 287 1954 facit
307 1894 572 1975 ludimagistrum?
609 1905 641 1955 at
662 1897 752 1956 istum
773 1917 847 1956 vero
871 1903 1000 1976 apparet
1021 1896 1225 1974 fragmentum
1246 1897 1329 1976 apud

214 1997 304 2057 aliam
320 1999 424 2057 nescio
441 2019 532 2078 quem
547 2000 725 2078 scriptorem
741 1998 864 2058 obvium
879 1999 1045 2077 arripuisse
1061 2019 1208 2079 suamque
1230 2000 1326 2078 ipsius

213 2099 258 2158 illi
273 2099 562 2178 interpretationem
577 2101 769 2180 Thucydidis
787 2100 951 2160 verborum
974 2109 1103 2160 externa
1126 2100 1327 2160 similitudine

132 2265 136 2276 ,
214 2200 377 2280 deceptum
400 2201 586 2261 adhibuisse.
623 2222 695 2261 nam
717 2223 841 2282 prorsus
865 2202 987 2261 diversa
1008 2202 1083 2261 insit
1104 2203 1260 2261 sententia
1276 2223 1328 2262 ne·
1393 2283 1394 2286 Ἴ

217 2322 302 2362 cesse
327 2311 388 2377 est,
420 2304 536 2383 quippe
560 2324 626 2363 oum
648 2303 740 2380 μανία
762 2325 826 2364 non
849 2305 889 2363 sit
911 2285 1007 2362 ardor*
1029 2303 1086 2363 sed
1108 2305 1210 2382 potius
1231 2305 1328 2376 furor,

216 2413 246 2462 et
268 2403 352 2483 apud
368 2403 599 2464 Alexandrinos
624 2404 749 2485 quidem
771 2413 880 2486 poetas
903 2406 1084 2485 plerumque
1100 2407 1210 2465 amoris
1234 2405 1327 2482 furor,

215 2507 292 2565 sicut
312 2507 402 2581 saror
429 2505 612 2566 vocabulum
644 2507 728 2566 nude
761 2509 895 2587 positum
927 2507 1011 2566 idem
1044 2508 1123 2566 solet
1157 2508 1329 2584 significare

213 2607 297 2686 apud
317 2608 446 2666 Latinos
474 2616 593 2687 poetas.
638 2628 744 2668 verum
766 2609 845 2668 nihil
866 2616 940 2687 puto
963 2606 1054 2668 versu
1075 2607 1127 2667 illo
1152 2609 1217 2666 fieri
1242 2618 1329 2686 pote·

214 2709 253 2767 rit
282 2718 355 2788 apte
386 2710 548 2789 minusque
585 2709 697 2787 frigide
734 2709 932 2786 explicando,
970 2710 995 2767 si
1023 2709 1148 2788 quidem
1182 2711 1330 2767 intactum

213 2810 427 2890 relinquemus.
439 2806 464 2888 ¹)
496 2818 527 2871 et
549 2811 581 2868 ni
604 2811 695 2869 fallor
716 2811 874 2870 lenissima
897 2809 975 2867 haec
998 2808 1174 2868 adhibenda
1198 2821 1243 2869 est
1266 2830 1329 2870 cor-

213 2913 322 2972 rectio:

457 2987 614 3075 ἀρχόμενοι
637 2995 748 3073 μανίην
771 2984 915 3071 ὀξυτάτην
937 2990 1077 3073 ἐχέμενῖ)

214 3131 293 3212 quod
323 3133 348 3193 si
377 3134 420 3192 ita
451 3144 514 3207 est,
542 3133 638 3193 habes
669 3153 747 3213 quae
776 3133 890 3211 optime
924 3131 1136 3212 respondeant
1165 3130 1328 3192 Ovidianis

215 3243 283 3293 nota
304 3242 386 3293 certa
407 3236 531 3308 furoris

297 3337 363 3396 Iam
391 3338 500 3396 misero
529 3337 680 3397 Acontius
711 3335 865 3396 desiderio
897 3336 1037 3415 exemplo
1068 3344 1173 3415 captus
1202 3335 1329 3415 etquid

213 3438 330 3498 faceret
353 3439 485 3499 haerens
510 3437 688 3519 Cydippam
710 3440 849 3519 sequitur
872 3439 904 3497 in
927 3440 1050 3498 Dianae
1072 3436 1220 3518 templum
1241 3437 1330 3498 rede-

213 3548 327 3598 untem.
371 3539 424 3599 uhi
454 3560 520 3599 cum
551 3551 632 3601 esset
662 3537 879 3619 ττροιιαθημένη
907 3561 1030 3619 pomum
1060 3541 1162 3600 furtim
1184 3540 1238 3598 ille
1261 3560 1330 3619 pro·

213 3642 309 3701 volvit
325 3641 365 3700 ad
381 3642 551 3702 nutriculae
566 3643 675 3722 pedes.
705 3643 846 3702 nimirum
863 3625 1009 3721 Cydippe
1026 3643 1097 3721 quia
1119 3637 1330 3720 splendido

213 3763 359 3822 genere
373 3753 438 3803 erat
452 3745 534 3802 inter
549 3745 696 3823 primores
713 3744 849 3821 virgines
866 3742 1004 3816 sedebat,
1023 3752 1053 3802 et
1069 3764 1132 3802 non
1149 3743 1240 3802 aliem
1255 3751 1330 3821 puto

216 3881 413 3888 ——-.—-——..

282 3945 302 4008 ¹)
325 3945 366 3997 Ac
384 3945 499 3996 mirifice
519 3946 604 4011 friget
621 3945 815 4011 interpretatio
834 3943 867 3997 Ο,
887 3943 1049 3994 Schneideri
1073 3943 1199 4010 prolegg.
1222 3944 1251 3993 in
1275 3947 1331 3994 aet.

213 4047 241 4094 p.
256 4033 287 4081 11
305 4029 376 4082 haec
396 4031 432 4081 ad
443 4029 561 4081 Achillis
579 4028 667 4095 μῆνιν
684 4029 852 4079 revocantis.
887 4043 940 4078 nec
959 4029 999 4078 ita
1016 4032 1047 4076 ut
1064 4026 1113 4078 ille
1131 4028 1191 4079 vult
1209 4017 1328 4094 άρχόμε-

213 4130 258 4166 νοτ
277 4115 369 4180 accipi
386 4120 485 4182 potest.
656 4123 659 4128 '

280 4198 301 4264 ²)
320 4201 421 4250 Forma
440 4191 540 4264 ἐχέμεν
558 4198 705 4249 adhibetur
721 4197 753 4248 Il.
774 4198 800 4247 Δ
816 4200 875 4261 302,
895 4197 995 4260 Eiet,
1016 4199 1033 4246 I
1048 4199 1111 4261 ⁷08,
1132 4195 1163 4246 Ν
1178 4199 1208 4260 2,
1230 4196 1255 4246 Τ
1272 4196 1329 4248 148.

213 4300 303 4350 neque
322 4284 493 4335 Callimacho
512 4284 689 4332 inconsuetus
708 4282 753 4332 hic
771 4282 934 4336 infinitivus.
971 4282 1008 4334 ci.
1025 4282 1054 4331 in
1072 4284 1130 4334 Iov.
1143 4283 1184 4333 81.
1204 4281 1232 4329 in
1245 4278 1329 4330 Dian.

214 4370 272 4420 251.
291 4370 345 4435 frg.
365 4371 425 4432 110,
444 4371 467 4420 2.
487 4369 545 4421 268.
564 4369 622 4418 305.
1257 4378 1262 4386 ·
