3284 5158
752 416 960 479 ,88-

297 601 397 664 οψεως
424 585 596 666 βληθέντες.
627 588 710 650 idem
732 591 748 648 I
769 598 819 650 21:
847 585 898 646 καὶ
925 586 1015 649 πλέον
1042 577 1062 666 ἢ
1089 585 1232 668 πρότερον
1260 580 1353 650 uitio
1373 591 1417 675 τῷ

298 683 399 749 κάλλει
423 683 664 768 καταστράψασα.
689 699 720 750 ct
735 691 815 751 114:
838 680 992 768 ὀφθαλμοὶ
1008 686 1040 750 δέ
1055 679 1196 770 ἆφεγγεῖς
1211 690 1244 750 οῖ
1254 685 1353 750 πάντα
1374 693 1417 775 τῷ

298 784 400 851 κάλλει
421 784 692 871 καταστρέψαντας.
739 791 876 851 Achilles
899 795 969 852 Tar.
991 795 1014 854 1¹
1027 800 1053 868 4,
1073 803 1105 854 2:
1128 789 1179 851 καὶ
1201 788 1416 872 καταστράπτετ

297 913 355 971 μου
370 883 439 966 τοὺς
454 884 632 971 ὀφθαλμούς
652 893 695 975 τῷ
715 884 874 975 προσώπῳ.
896 895 943 956 VI
958 902 983 968 6,
999 903 1031 956 3:
1054 888 1127 954 ἰδών
1139 890 1171 954 δέ
1193 885 1209 952 ὃ
1233 891 1417 974 Θέρσανδρος

298 985 332 1055 τὸ
353 990 461 1066 κάλλος
483 991 515 1056 ἐκ
538 994 747 1075 παραδρομῆς,
772 985 812 1066 ὡς
832 988 1037 1073 ἁρπαζομένης
1057 987 1208 1074 ἀστραπῆς
1228 1032 1272 1042 -
1293 993 1418 1074 μάλιστα

297 1087 354 1177 γὰρ
376 1094 409 1157 ἐν
431 1101 492 1170 τοῖς
515 1085 685 1176 ὀφθαλμοῖς
707 1088 839 1172 κάθηται
861 1089 893 1156 τό
922 1089 1031 1168 κάλλος
1055 1131 1090 1142 -
1114 1087 1216 1176 ἀφῆκε
1237 1089 1294 1174 την
1315 1088 1418 1177 ψυχὴν

299 1189 346 1257 ἐπ’
371 1189 466 1275 αὐτήν
489 1222 515 1262 e.
539 1221 569 1281 q.
592 1221 617 1261 e.
663 1199 789 1261 Oharito
812 1201 880 1273 Vh,
902 1209 933 1263 9:
957 1195 1101 1277 ἐξέλαμψε
1124 1196 1155 1260 δὲ
1176 1190 1209 1259 cd
1232 1196 1418 1280 Καλλιρρόης

225 1301 228 1308 ’
299 1295 458 1379 πρόσωπον
480 1298 531 1359 καλ
552 1289 731 1380 μαρμαρογὴ
752 1296 871 1377 κατέσχε
892 1291 944 1372 τοῖς
971 1291 1112 1370 ἁπάντων
1134 1293 1237 1378 ὄψεις,
1266 1295 1363 1379 ὥσπερ
1386 1299 1417 1361 έν

298 1400 386 1462 νυκτὶ
414 1401 525 1484 βαθείᾳ
553 1403 664 1461 πολλοῦ
692 1391 789 1478 φωτὸς
821 1401 973 1478 αἰφνίδιον
1003 1400 1158 1479 φανέντος.
1210 1415 1241 1465 et
1269 1425 1288 1464 a
1315 1407 1418 1486 poetis

300 1525 426 1587 quoque
447 1507 579 1566 maxime
603 1505 765 1566 senioribus
790 1505 898 1565 eadem
921 1507 1138 1587 frequentatur
1165 1507 1277 1587 imago.
1320 1506 1417 1587 Apol·

297 1609 399 1668 lonius
414 1607 516 1667 Rhod.
532 1608 585 1667 III
601 1616 668 1670 1016
683 1627 752 1688 sqq.
768 1609 846 1677 τοῖος
860 1595 921 1664 ἀπὸ
935 1606 1060 1678 ξανθοῖο
1075 1599 1222 1683 καρήατος
1238 1606 1416 1690 Αἰσονίδαο,

299 1702 445 1780 στράπτεν
458 1699 555 1781 Ἔρως
576 1696 681 1783 ἡδεῖαν
702 1699 762 1766 ἄπο
784 1701 897 1786 φλόγα·
933 1707 985 1785 της
1008 1700 1036 1765 d’
1055 1698 1209 1788 ἆμαρομολς
1228 1706 1232 1791 Ι
1252 1697 1419 1786 ὀφθαλμοῖν

299 1803 439 1886 ἥρπαζεν.
470 1811 509 1870 cf.
527 1811 671 1890 Sophocl.
688 1810 747 1887 frg.
762 1817 815 1873 430
835 1810 927 1884 Nok,
944 1813 1029 1871 anth.
1046 1811 1081 1870 P.
1098 1813 1128 1873 V
1142 1821 1185 1887 36,
1201 1822 1226 1876 3.
1250 1819 1292 1886 66,
1309 1823 1336 1876 3.
1351 1813 1420 1873 XII

300 1924 361 1974 110.
387 1920 481 1986 127,.3
496 1932 542 1992 sq.
560 1919 620 1974 196.
665 1913 770 1971 Noun.
786 1913 881 1972 Dion.
897 1913 947 1971 XI
962 1920 1022 1986 376,
1046 1914 1193 1973 XXXIV
1207 1919 1268 1988 322,
1290 1913 1419 1974 XXXV

301 2021 360 2087 172,
383 2015 462 2075 XLI
482 2022 543 2087 254,
566 2014 662 2074 XLII
683 2022 745 2076 236.
768 2033 798 2072 τ.
820 2013 1001 2074 Dissenium
1023 2015 1062 2075 ad
1085 2015 1200 2075 Tibull.
1224 2016 1270 2074 IV
1291 2023 1316 2088 2,
1341 2024 1367 2074 5.

384 2130 499 2190 Edacis
520 2133 609 2192 huius
632 2134 713 2211 ignis
735 2134 835 2211 ipsum
862 2132 1050 2192 absumentis
1080 2153 1196 2192 memor
1224 2131 1263 2193 ad
1293 2131 1418 2192 arbores

300 2234 409 2292 iterum
437 2253 544 2294 versus
579 2255 617 2294 ex
646 2234 689 2294 eis
719 2235 856 2313 quaerit,
894 2255 968 2293 num
998 2242 1029 2294 et
1055 2235 1143 2313 ipsae
1173 2235 1228 2294 tali
1257 2240 1420 2293 urerentur

300 2334 436 2394 desideri
458 2335 588 2394 flamma.
634 2355 714 2416 quae
737 2355 805 2395 cum
827 2345 919 2396 antea
940 2336 1002 2394 iarn
1024 2337 1179 2416 persecuti
1202 2336 1302 2409 simus,
1326 2356 1420 2394 unum

300 2436 360 2495 hoc
381 2456 464 2496 nunc
486 2437 642 2510 adicimus,
668 2457 760 2518 quam
774 2437 807 2496 id
827 2437 932 2497 subtili
948 2446 1013 2496 arte
1029 2444 1122 2516 poeta
1135 2437 1311 2510 instituerit,
1337 2436 1420 2516 quod

300 2545 397 2597 totum
430 2557 602 2600 sermonem
624 2539 738 2599 Aconti
772 2559 809 2598 ea
839 2539 879 2599 ad
908 2539 1033 2600 arbores
1056 2540 1245 2618 apostropha
1266 2539 1420 2618 utrimque
1474 2607 1476 2614 γ

302 2640 390 2720 quasi
413 2642 553 2700 cinxerit.
599 2662 658 2722 quo
682 2641 807 2722 quidem
830 2649 986 2701 assecutus
1014 2642 1074 2702 hoc
1096 2648 1158 2715 est,
1188 2647 1222 2700 ut
1243 2641 1421 2700 universam

302 2742 473 2802 orationem
495 2751 578 2803 certo
602 2743 737 2824 quodam
758 2744 894 2822 tingeret
916 2744 1029 2803 colore.

386 2863 603 2939 Buttmannus,
619 2861 671 2921 uhi
686 2861 782 2922 verba
798 2861 836 2922 ab
846 2862 981 2921 Acontio
997 2861 1038 2920 ad
1054 2859 1178 2920 arbores
1195 2860 1277 2921 dicta
1293 2880 1421 2922 comme·

301 2971 418 3024 morata
442 2971 555 3037 essent,
578 2964 656 3023 haec
677 2965 796 3024 inserta
817 2964 913 3023 fuisse
929 2963 1093 3023 arbitratur
1113 2961 1247 3041 (Gallim.
1264 2964 1323 3042 fr'g.
1339 2959 1420 3039 236):

910 3071 976 3139 ἀλλ’
1000 3071 1169 3152 ἔπακοοοῦς

504 3156 559 3224 οὐκ
583 3162 675 3243 έσχεν.

303 3322 402 3383 eaque
423 3303 517 3362 vertit
537 3305 668 3362 niemand
688 3305 782 3362 toertc
803 3303 856 3362 vel
877 3308 917 3361 sir
939 3303 999 3381 (dia
1013 3305 1146 3374 Baeuma
1161 3305 1262 3360 Felsan
1284 3321 1314 3360 ν.
1329 3320 1354 3360 s.
1369 3300 1420 3377 m.)

300 3407 413 3464 hoertea
428 3407 499 3463 nicht
513 3407 571 3480 auf
578 3409 654 3463 seiae
667 3405 787 3478 Klopen.
810 3423 889 3483 quae
904 3412 1008 3464 tamen
1025 3404 1200 3464 coniectura
1215 3423 1282 3462 cum
1297 3405 1337 3464 sit
1351 3423 1420 3483 per-

301 3507 420 3564 incerta
441 3513 505 3564 tum
526 3525 566 3565 ne
589 3504 756 3585 probabilis
781 3506 906 3586 quidem
926 3507 1000 3566 mihi
1021 3505 1154 3566 videtur.
1198 3524 1270 3564 nam
1291 3513 1325 3564 ut
1346 3525 1422 3565 vera

302 3607 343 3667 sit
357 3607 572 3686 interpretatio
587 3607 776 3681 Buttmanni,
802 3606 982 3669 Callimachi
1003 3605 1101 3666 verba
1121 3603 1231 3667 eodem
1252 3607 1318 3667 iure
1332 3627 1421 3668 revo-

303 3709 366 3768 cari
395 3716 543 3787 poterunt
570 3708 611 3767 ad
638 3708 821 3784 Herculem,
857 3710 910 3790 qui
943 3711 1087 3768 amissum
1120 3728 1274 3788 quaerens
1305 3709 1422 3789 Hylam

303 3828 417 3869 nomen
453 3810 517 3870 eius
553 3830 610 3890 per
637 3820 757 3872 montes
788 3811 976 3885 clamitabat,
1014 3817 1047 3869 ut
1078 3817 1125 3869 est
1151 3811 1185 3870 in
1214 3809 1421 3871 Callimacheo

303 3912 478 3990 fragmento
501 3921 552 3976 607
575 3913 667 3973 Blmf.

506 4007 597 4085 ἰύζων
619 4007 646 4072 d’
672 4005 720 4072 ἄν’
742 4004 820 4093 ὅρος.

304 4150 343 4210 cf.
359 4150 531 4210 Rauchium
552 4151 572 4220 l.
590 4171 615 4209 c.
639 4170 670 4228 p.
687 4159 730 4213 36.
767 4149 916 4230 Apollon.
932 4149 1032 4210 Rhod.
1055 4149 1072 4209 I
1087 4157 1165 4224 1677,
1189 4147 1321 4210 Tbeocr.
1337 4147 1422 4208 XIII

303 4260 347 4325 58,
370 4253 465 4331 Prop.
481 4252 498 4310 I
512 4259 555 4325 20,
579 4258 613 4314 49
628 4270 675 4330 sq.
697 4252 802 4311 Valer.
819 4252 921 4311 Flacc.
938 4252 990 4311 III
1005 4260 1057 4315 696
1071 4271 1118 4331 sq.
1151 4249 1203 4310 vel
1225 4250 1361 4310 fortasse-
1380 4248 1421 4308 ad

303 4353 492 4433 Phyllidem.
516 4352 556 4412 cf.
573 4349 632 4412 Ov.
647 4371 721 4412 rem.
737 4360 800 4416 697.
844 4352 901 4414 sed
916 4353 1014 4431 magis
1030 4371 1069 4413 eo
1089 4352 1216 4426 inclino,
1239 4350 1342 4411 utillo
1362 4350 1422 4411 hoc
