3254 5158
751 447 959 510 -46-

297 612 374 699 εἶχεν
400 613 501 698 ἰσχύος
527 610 732 697 αροσελκύσας
758 608 795 678 roi
820 612 889 692 τόξα
910 612 1099 696 σφοδρότατα
1122 613 1245 696 (latonae
1266 639 1300 678 το
1321 615 1416 698 βέλος.

297 725 467 805 comparari
489 731 594 804 potest
615 722 713 784 Ovidi
734 742 841 783 versus
870 743 944 783 rem.
968 731 1019 786 4³5
1041 742 1089 803 sq.
1118 723 1254 782 adtrahat
1273 725 1322 782 ille
1339 740 1417 798 puer

299 835 449 887 contentos
468 829 577 902 fortius
600 843 688 884 orcas
711 846 738 886 e.
762 846 793 905 q.
816 846 841 885 s.
865 825 904 886 cf.
926 823 1001 885 ibid.
1024 833 1086 887 702.

381 929 488 990 Voluit
511 936 612 989 autem
636 925 758 1007 Cupido
783 927 925 1007 deperire
940 926 1106 987 Acontinm
1129 923 1335 1006 Cydippae
1362 925 1415 987 dc-

297 1029 422 1091 siderio.
461 1050 556 1111 quare
583 1031 669 1089 illam
700 1031 830 1110 primum
857 1029 1012 1108 spectanti
1039 1028 1171 1088 iaculum
1199 1049 1286 1088 suum
1306 1029 1415 1103 infixit,

299 1152 390 1214 quem
411 1134 512 1193 locum
535 1153 602 1192 eum
625 1133 691 1192 fere
712 1133 745 1192 in
767 1131 891 1191 modum
915 1129 1121 1191 Callimachus
1144 1113 1332 1206 tractarerit,
1356 1152 1416 1212 quo

298 1235 431 1294 Nonnus
454 1235 549 1294 Dion.
571 1235 651 1296 XVI
672 1241 776 1298 8-13.
813 1235 944 1314 iamque,
959 1231 1081 1312 perdito
1104 1233 1207 1292 statim
1229 1251 1331 1292 amore
1352 1251 1416 1292 cor·

298 1344 405 1415 reptas
427 1344 468 1396 ut
489 1335 593 1396 vidit
613 1336 804 1413 virginem
827 1335 867 1392 in
887 1334 1095 1412 Artemisio
1118 1329 1417 1411 προκαθημένην
1487 1394 1493 1399 ,

302 1418 464 1518 Cupidine
483 1439 552 1518 ipso
574 1436 789 1516 praecipiente
802 1436 998 1497 vaferrimam
1012 1435 1273 1496 machinationem
1288 1455 1417 1497 commo-

300 1541 371 1600 litus
396 1546 452 1598 est.
471 1571 513 1618 ·.·
535 1540 568 1598 in
590 1539 638 1599 his
655 1538 871 1599 Aristaenetus
895 1537 1147 1618 perincommoda
1170 1536 1296 1597 dicendi
1317 1536 1418 1599 brevi·

298 1650 362 1700 tate
378 1641 482 1699 utitur.
514 1642 656 1700 nimirum
678 1640 783 1700 rhetor
805 1641 864 1699 iste
881 1648 1017 1699 extrema
1039 1648 1159 1699 tantum
1175 1638 1298 1699 fabulae
1321 1640 1418 1700 linea-

298 1751 404 1802 menta
420 1740 574 1822 quaedam
589 1741 737 1809 subitaria
753 1762 849 1822 opera
865 1743 1008 1822 arripuit,
1032 1743 1113 1801 cirea
1129 1761 1182 1802 eos
1198 1743 1280 1802 solos
1296 1741 1419 1802 uberior

298 1846 397 1918 locos,
423 1846 476 1924 qui
498 1843 665 1904 venatibus
689 1845 751 1905 suis
773 1846 875 1924 ipsum
897 1863 973 1924 prae
998 1845 1109 1904 ceteris
1132 1853 1290 1924 caperent.
1320 1844 1419 1904 veluti

297 1945 455 2006 liberalior
484 1953 531 2006 est
557 1946 591 2004 in
621 1945 784 2007 reddendo
807 1946 922 2004 Aconti
944 1965 1085 2006 sermone
1108 1948 1267 2006 amatorio.
1311 1953 1419 2005 contra

300 2050 396 2128 plane
418 2046 543 2122 recidit,
567 2048 685 2108 utalia
707 2067 789 2107 nunc
810 2049 954 2121 mittam,¹
973 2067 1078 2108 omnes
1101 2049 1236 2108 locorum
1259 2057 1291 2108 et
1312 2067 1418 2127 perso·

299 2170 407 2208 narum
435 2149 649 2223 definitiones,
680 2170 755 2229 quas
779 2149 983 2210 Callimachus
1013 2169 1052 2209 ex
1079 2170 1162 2210 more
1191 2170 1244 2210 suo
1274 2149 1364 2210 docte
1388 2158 1419 2209 et

304 2253 424 2310 curiose
448 2252 620 2330 explicasse
643 2251 818 2311 credendus
843 2260 899 2310 est.
942 2252 986 2309 ita
1007 2252 1066 2311 isto
1090 2272 1213 2332 quoque
1236 2254 1303 2312 loco
1328 2272 1418 2333 quam

304 2361 399 2433 poeta
413 2355 587 2414 inseruerat
602 2353 811 2413 narrationem
825 2361 921 2412 totam
937 2353 1093 2432 oppressit
1108 2355 1320 2434 paraphrasta.
1351 2374 1418 2414 eam

302 2455 413 2534 igitur,
437 2464 471 2515 ut
492 2456 676 2535 poterimus,
700 2457 761 2514 iam
782 2455 1048 2515 reconcinnemus.

384 2557 455 2615 Hac
478 2558 615 2617 enimin
638 2566 726 2637 parte
742 2557 866 2616 fabulae
889 2557 1100 2632 lineamentis,
1124 2578 1205 2637 quae
1220 2541 1325 2635 Latini
1340 2578 1415 2637 poe-

299 2666 351 2718 tae
373 2677 498 2738 prorsus
533 2679 572 2720 ex
600 2668 665 2719 arte
689 2658 846 2719 Ovidiana
877 2659 1018 2739 epistulis
1035 2660 1159 2720 ,Aconti
1188 2659 1416 2741 Cydippaeque

305 2770 336 2821 et
358 2762 489 2821 maxime
512 2761 636 2841 quidem
658 2761 742 2821 XXI
763 2767 903 2822 65—114
929 2763 1196 2841 interposuerunt,
1220 2762 1365 2840 religiose
1389 2769 1420 2820 et

300 2873 441 2924 accurate
465 2871 512 2924 est
540 2862 703 2938 utendum,
733 2864 879 2944 quoniam
908 2863 955 2922 illi
983 2865 1044 2943 ipsi
1066 2866 1173 2943 procul
1196 2862 1288 2924 dubio
1311 2883 1419 2922 secun·

301 2967 372 3027 dum
401 2966 621 3028 Callimachum
648 2966 794 3044 religiose
829 2974 1032 3046 accurateque
1061 2966 1163 3026 omnia
1191 2964 1418 3026 adumbrarunt.

300 3088 404 3149 neque
429 3069 511 3128 enim
538 3068 635 3127 ullum
663 3068 848 3126 narrationis
877 3076 1076 3142 momentum,
1101 3069 1161 3130 nisi
1184 3069 1210 3128 si
1233 3068 1317 3149 quod
1339 3068 1418 3128 forte

301 3191 368 3231 cum
399 3169 556 3231 scribendi
586 3168 710 3228 fictione
741 3168 943 3244 cohaerebat,
978 3180 1142 3231 novarent.
1181 3169 1264 3251 quod
1293 3169 1420 3249 quidem

301 3292 361 3353 quc
391 3273 492 3332 minus
522 3271 721 3330 admitterent
748 3271 801 3330 vel
829 3290 871 3332 eo
894 3271 1151 3351 prohibebantur,
1181 3271 1265 3354 quod
1292 3270 1417 3331 fabulae

301 3374 399 3432 forma
421 3393 478 3454 per
502 3372 721 3434 Callimachum
744 3392 892 3452 expressa
915 3381 946 3432 et
974 3373 1130 3434 celebrata
1153 3375 1286 3434 omnium
1307 3393 1419 3434 memo·

300 3475 366 3534 riae
388 3473 586 3550 inhaerebat,
608 3482 643 3533 ut
664 3474 734 3533 huic
757 3474 816 3553 ipsi
837 3475 871 3534 in
886 3476 996 3554 vulgus
1019 3484 1113 3536 notae
1135 3495 1205 3537 suas
1228 3484 1419 3555 superstrue-

302 3585 372 3636 rent
396 3576 556 3656 epistulas.
602 3584 633 3635 at
660 3577 785 3636 omnino
809 3575 940 3637 Ovidius
969 3597 1036 3637 cum
1057 3579 1120 3638 suis
1143 3578 1176 3636 in
1199 3578 1329 3656 singulis
1354 3579 1419 3658 epi-

301 3679 388 3738 stulis
417 3677 458 3738 ad
484 3678 575 3738 unius
604 3679 735 3738 auctoris
764 3679 915 3739 rationem
943 3688 1040 3740 totum
1061 3699 1130 3739 sese
1153 3680 1342 3760 applicuisse
1364 3700 1420 3759 pu-

300 3778 414 3840 tandus
430 3787 487 3840 est.
519 3799 648 3861 eumque
666 3781 700 3840 in
721 3773 839 3841 duabus
857 3781 918 3842 illis
937 3782 1076 3862 epistulis
1089 3780 1310 3842 Callimachum
1324 3773 1420 3842 fuisse

302 3882 502 3942 certissimum
530 3891 586 3943 est.
630 3884 714 3942 cuins
744 3882 846 3960 elegia
874 3902 966 3963 quam
994 3883 1106 3963 cupide
1130 3904 1148 3942 a
1176 3884 1358 3963 posteritate
1381 3883 1421 3943 sit

301 3984 441 4045 lectitata
464 4005 616 4066 quamque
639 3985 840 4044 vehementer
863 3984 1034 4059 celebrata,
1059 3992 1090 4045 et
1113 3983 1208 4045 Ovidi
1230 3986 1421 4047 demonstrat

301 4239 388 4290 uirium
410 4241 549 4292 intentione
572 4240 837 4297 concionantium
859 4243 946 4289 esset
967 4239 1102 4304 amplius
1125 4241 1263 4290 iucunda
1279 4254 1346 4298 res,
1364 4239 1423 4289 sed

301 4325 383 4376 dura
406 4333 436 4375 et
457 4327 590 4374 molesta
611 4339 688 4372 arcu
711 4325 768 4373 uti.
803 4321 874 4372 talia
897 4324 921 4374 si
944 4323 1107 4389 scripsisset,
1123 4322 1327 4387 Callimachus,
1347 4325 1421 4373 esset

301 4423 369 4460 sane
387 4410 458 4461 homo
473 4409 584 4474 puerilia
600 4415 626 4457 et
643 4408 745 4473 ineptas
764 4405 816 4475 (cl.
835 4423 967 4458 mnemos.
986 4409 1012 4458 X
1030 4425 1056 4474 p.
1069 4407 1141 4474 391).
1177 4412 1208 4458 at
1224 4422 1280 4458 non
1297 4407 1419 4475 scripsit.
