<?xml version="1.0" encoding="UTF-8"?>
<!DOCTYPE html PUBLIC "-//W3C//DTD XHTML 1.0 Transitional//EN"
    "http://www.w3.org/TR/xhtml1/DTD/xhtml1-transitional.dtd">
<html xmlns="http://www.w3.org/1999/xhtml" xml:lang="en" lang="en">
 <head>
  <title>
</title>
<meta http-equiv="Content-Type" content="text/html;charset=utf-8" />
  <meta name='ocr-system' content='tesseract 3.04.00' />
  <meta name='ocr-capabilities' content='ocr_page ocr_carea ocr_par ocr_line ocrx_word'/>
</head>
<body>
  <div class='ocr_page' id='page_1' title='image "./decallimachicyd00diltgoog_0070.png"; bbox 0 0 3254 5158; ppageno 0'>
   <div class='ocr_carea' id='block_1_1' title="bbox 688 395 893 464">
    <p class='ocr_par' dir='ltr' id='par_1_1' title="bbox 688 395 893 464">
     <span class='ocr_line' id='line_1_1' title="bbox 688 395 893 464; baseline 0.005 -22"><span class='ocrx_word' id='word_1_1' title='bbox 688 395 893 464; x_wconf 69' lang='lat'>„55-</span> 
     </span>
    </p>
   </div>
   <div class='ocr_carea' id='block_1_2' title="bbox 233 568 1351 1058">
    <p class='ocr_par' dir='ltr' id='par_1_2' title="bbox 233 568 1351 1058">
     <span class='ocr_line' id='line_1_2' title="bbox 234 568 1350 652; baseline -0.001 -20"><span class='ocrx_word' id='word_1_2' title='bbox 234 593 301 632; x_wconf 91' lang='lat' dir='ltr'>cum</span> <span class='ocrx_word' id='word_1_3' title='bbox 332 573 481 652; x_wconf 79' lang='lat' dir='ltr'><strong>reliquiae</strong></span> <span class='ocrx_word' id='word_1_4' title='bbox 519 579 624 631; x_wconf 88' lang='lat' dir='ltr'>nostra</span> <span class='ocrx_word' id='word_1_5' title='bbox 657 572 749 630; x_wconf 89' lang='lat' dir='ltr'>etiam</span> <span class='ocrx_word' id='word_1_6' title='bbox 785 572 931 630; x_wconf 88' lang='lat' dir='ltr'>memoria</span> <span class='ocrx_word' id='word_1_7' title='bbox 963 572 1036 630; x_wconf 88' lang='lat' dir='ltr'>Deli</span> <span class='ocrx_word' id='word_1_8' title='bbox 1070 580 1213 650; x_wconf 80' lang='lat' dir='ltr'>repertae</span> <span class='ocrx_word' id='word_1_9' title='bbox 1241 568 1350 648; x_wconf 84' lang='lat' dir='ltr'>sunt¹).</span> 
     </span>
     <span class='ocr_line' id='line_1_3' title="bbox 234 663 1350 754; baseline -0.002 -20"><span class='ocrx_word' id='word_1_10' title='bbox 234 675 390 754; x_wconf 83' lang='lat' dir='ltr'>Apollinis</span> <span class='ocrx_word' id='word_1_11' title='bbox 420 663 570 751; x_wconf 76' lang='grc' dir='ltr'><em>κεράτειος</em></span> <span class='ocrx_word' id='word_1_12' title='bbox 591 664 690 749; x_wconf 83' lang='grc' dir='ltr'><strong><em>βωμός</em></strong></span> <span class='ocrx_word' id='word_1_13' title='bbox 718 675 800 732; x_wconf 89' lang='lat' dir='ltr'>inter</span> <span class='ocrx_word' id='word_1_14' title='bbox 826 673 896 751; x_wconf 91' lang='lat' dir='ltr'>ipsa</span> <span class='ocrx_word' id='word_1_15' title='bbox 928 681 1049 752; x_wconf 80' lang='lat' dir='ltr'>septem</span> <span class='ocrx_word' id='word_1_16' title='bbox 1069 674 1215 732; x_wconf 91' lang='lat' dir='ltr'>miracula</span> <span class='ocrx_word' id='word_1_17' title='bbox 1236 673 1350 732; x_wconf 84' lang='lat' dir='ltr'>refere-</span> 
     </span>
     <span class='ocr_line' id='line_1_4' title="bbox 235 770 1349 860; baseline 0.001 -27"><span class='ocrx_word' id='word_1_18' title='bbox 235 770 369 860; x_wconf 44' lang='lat' dir='ltr'>barud),</span> <span class='ocrx_word' id='word_1_19' title='bbox 394 794 453 835; x_wconf 93' lang='lat' dir='ltr'>nec</span> <span class='ocrx_word' id='word_1_20' title='bbox 467 775 566 835; x_wconf 90' lang='lat' dir='ltr'>minus</span> <span class='ocrx_word' id='word_1_21' title='bbox 583 773 748 848; x_wconf 86' lang='lat' dir='ltr'>celebrata,</span> <span class='ocrx_word' id='word_1_22' title='bbox 773 793 853 854; x_wconf 88' lang='lat' dir='ltr'>quac</span> <span class='ocrx_word' id='word_1_23' title='bbox 875 772 1031 853; x_wconf 82' lang='lat' dir='ltr'>Apollinis</span> <span class='ocrx_word' id='word_1_24' title='bbox 1054 794 1126 834; x_wconf 88' lang='lat' dir='ltr'>arae</span> <span class='ocrx_word' id='word_1_25' title='bbox 1150 783 1216 834; x_wconf 90' lang='lat' dir='ltr'>erat</span> <span class='ocrx_word' id='word_1_26' title='bbox 1237 776 1349 849; x_wconf 90' lang='lat' dir='ltr'>vicina,</span> 
     </span>
     <span class='ocr_line' id='line_1_5' title="bbox 234 870 1351 956; baseline 0.001 -22"><span class='ocrx_word' id='word_1_27' title='bbox 234 876 367 934; x_wconf 88' lang='lat' dir='ltr'>Latonia</span> <span class='ocrx_word' id='word_1_28' title='bbox 395 870 540 955; x_wconf 74' lang='lat' dir='ltr'>palma3).</span> <span class='ocrx_word' id='word_1_29' title='bbox 585 876 662 935; x_wconf 90' lang='lat' dir='ltr'>haec</span> <span class='ocrx_word' id='word_1_30' title='bbox 695 877 787 954; x_wconf 83' lang='lat' dir='ltr'>igitur</span> <span class='ocrx_word' id='word_1_31' title='bbox 825 876 987 935; x_wconf 86' lang='lat' dir='ltr'>mirantem</span> <span class='ocrx_word' id='word_1_32' title='bbox 1019 876 1155 955; x_wconf 84' lang='lat' dir='ltr'>puellam</span> <span class='ocrx_word' id='word_1_33' title='bbox 1189 878 1351 956; x_wconf 81' lang='lat' dir='ltr'>conspexit</span> 
     </span>
     <span class='ocr_line' id='line_1_6' title="bbox 233 977 1266 1058; baseline 0 -22"><span class='ocrx_word' id='word_1_34' title='bbox 233 977 392 1037; x_wconf 77' lang='lat' dir='ltr'>Acontius.</span> <span class='ocrx_word' id='word_1_35' title='bbox 438 996 570 1057; x_wconf 91' lang='lat' dir='ltr'>namque</span> <span class='ocrx_word' id='word_1_36' title='bbox 595 997 631 1036; x_wconf 90' lang='lat' dir='ltr'>eo</span> <span class='ocrx_word' id='word_1_37' title='bbox 653 977 761 1036; x_wconf 91' lang='lat' dir='ltr'>valent</span> <span class='ocrx_word' id='word_1_38' title='bbox 783 977 890 1036; x_wconf 89' lang='lat' dir='ltr'>valent</span> <span class='ocrx_word' id='word_1_39' title='bbox 911 996 1019 1036; x_wconf 89' lang='lat' dir='ltr'>versus</span> <span class='ocrx_word' id='word_1_40' title='bbox 1041 977 1125 1036; x_wconf 86' lang='lat' dir='ltr'>XXI</span> <span class='ocrx_word' id='word_1_41' title='bbox 1148 987 1199 1040; x_wconf 85' lang='lat'>103</span> <span class='ocrx_word' id='word_1_42' title='bbox 1220 999 1266 1058; x_wconf 89' lang='lat' dir='ltr'>sq.</span> 
     </span>
    </p>
   </div>
   <div class='ocr_carea' id='block_1_3' title="bbox 384 1129 1165 1306">
    <p class='ocr_par' dir='ltr' id='par_1_3' title="bbox 384 1129 1165 1306">
     <span class='ocr_line' id='line_1_7' title="bbox 384 1129 1165 1203; baseline -0.001 -16"><span class='ocrx_word' id='word_1_43' title='bbox 384 1129 511 1203; x_wconf 79' lang='lat' dir='ltr'>forsitan</span> <span class='ocrx_word' id='word_1_44' title='bbox 533 1132 606 1188; x_wconf 78' lang='lat' dir='ltr'>haec</span> <span class='ocrx_word' id='word_1_45' title='bbox 628 1138 763 1202; x_wconf 84' lang='lat' dir='ltr'>spectans</span> <span class='ocrx_word' id='word_1_46' title='bbox 785 1149 803 1186; x_wconf 89' lang='lat' dir='ltr'>a</span> <span class='ocrx_word' id='word_1_47' title='bbox 826 1139 852 1186; x_wconf 88' lang='lat' dir='ltr'>te</span> <span class='ocrx_word' id='word_1_48' title='bbox 873 1133 1028 1202; x_wconf 82' lang='lat' dir='ltr'>spectator</span> <span class='ocrx_word' id='word_1_49' title='bbox 1049 1129 1165 1199; x_wconf 82' lang='lat' dir='ltr'>Aconti,</span> 
     </span>
     <span class='ocr_line' id='line_1_8' title="bbox 437 1214 1096 1306; baseline 0.002 -18"><span class='ocrx_word' id='word_1_50' title='bbox 437 1235 553 1306; x_wconf 82' lang='lat' dir='ltr'>visaque</span> <span class='ocrx_word' id='word_1_51' title='bbox 575 1234 742 1305; x_wconf 76' lang='lat' dir='ltr'>simplicitas</span> <span class='ocrx_word' id='word_1_52' title='bbox 763 1240 809 1289; x_wconf 84' lang='lat' dir='ltr'>cst</span> <span class='ocrx_word' id='word_1_53' title='bbox 829 1248 893 1290; x_wconf 87' lang='lat' dir='ltr'>mea</span> <span class='ocrx_word' id='word_1_54' title='bbox 912 1249 999 1304; x_wconf 86' lang='lat' dir='ltr'>posse</span> <span class='ocrx_word' id='word_1_55' title='bbox 1020 1214 1096 1304; x_wconf 71' lang='lat' dir='ltr'>capt</span> 
     </span>
    </p>
   </div>
   <div class='ocr_carea' id='block_1_4' title="bbox 234 1382 1353 2682">
    <p class='ocr_par' dir='ltr' id='par_1_4' title="bbox 234 1382 1353 2682">
     <span class='ocr_line' id='line_1_9' title="bbox 234 1382 1351 1464; baseline 0.002 -21"><span class='ocrx_word' id='word_1_56' title='bbox 234 1385 381 1444; x_wconf 89' lang='lat' dir='ltr'>continuo</span> <span class='ocrx_word' id='word_1_57' title='bbox 403 1382 469 1457; x_wconf 89' lang='lat' dir='ltr'>ille,</span> <span class='ocrx_word' id='word_1_58' title='bbox 493 1392 526 1444; x_wconf 91' lang='lat' dir='ltr'>ut</span> <span class='ocrx_word' id='word_1_59' title='bbox 548 1392 653 1444; x_wconf 90' lang='lat' dir='ltr'>narrat</span> <span class='ocrx_word' id='word_1_60' title='bbox 674 1385 742 1463; x_wconf 89' lang='lat' dir='ltr'>ipse</span> <span class='ocrx_word' id='word_1_61' title='bbox 766 1404 815 1462; x_wconf 94' lang='lat' dir='ltr'>ep.</span> <span class='ocrx_word' id='word_1_62' title='bbox 831 1384 897 1444; x_wconf 90' lang='lat' dir='ltr'>XX</span> <span class='ocrx_word' id='word_1_63' title='bbox 919 1393 970 1446; x_wconf 81' lang='grc'>205</span> <span class='ocrx_word' id='word_1_64' title='bbox 985 1403 1069 1464; x_wconf 87' lang='lat' dir='ltr'>sqq.,</span> <span class='ocrx_word' id='word_1_65' title='bbox 1093 1385 1206 1443; x_wconf 87' lang='lat' dir='ltr'>restitit</span> <span class='ocrx_word' id='word_1_66' title='bbox 1227 1386 1295 1445; x_wconf 72' lang='lat' dir='ltr'>fixis</span> <span class='ocrx_word' id='word_1_67' title='bbox 1318 1386 1351 1444; x_wconf 91' lang='lat' dir='ltr'>in</span> 
     </span>
     <span class='ocr_line' id='line_1_10' title="bbox 235 1484 1349 1565; baseline 0.001 -21"><span class='ocrx_word' id='word_1_68' title='bbox 235 1484 401 1564; x_wconf 81' lang='lat' dir='ltr'>Cydippae</span> <span class='ocrx_word' id='word_1_69' title='bbox 429 1485 565 1544; x_wconf 88' lang='lat' dir='ltr'>membra</span> <span class='ocrx_word' id='word_1_70' title='bbox 593 1486 703 1554; x_wconf 83' lang='lat' dir='ltr'>oculis,</span> <span class='ocrx_word' id='word_1_71' title='bbox 738 1484 872 1565; x_wconf 90' lang='lat' dir='ltr'>dumque</span> <span class='ocrx_word' id='word_1_72' title='bbox 903 1485 1028 1544; x_wconf 88' lang='lat' dir='ltr'>nimium</span> <span class='ocrx_word' id='word_1_73' title='bbox 1059 1504 1126 1544; x_wconf 89' lang='lat' dir='ltr'>cam</span> <span class='ocrx_word' id='word_1_74' title='bbox 1153 1486 1278 1545; x_wconf 89' lang='lat' dir='ltr'>miratur</span> <span class='ocrx_word' id='word_1_75' title='bbox 1313 1517 1349 1530; x_wconf 88' lang='lat'>-</span> 
     </span>
     <span class='ocr_line' id='line_1_11' title="bbox 234 1586 1351 1666; baseline 0.003 -22"><span class='ocrx_word' id='word_1_76' title='bbox 234 1596 301 1646; x_wconf 87' lang='lat' dir='ltr'>nota</span> <span class='ocrx_word' id='word_1_77' title='bbox 328 1594 409 1645; x_wconf 84' lang='lat' dir='ltr'>certa</span> <span class='ocrx_word' id='word_1_78' title='bbox 436 1587 550 1661; x_wconf 85' lang='lat' dir='ltr'>furoris</span> <span class='ocrx_word' id='word_1_79' title='bbox 577 1620 619 1630; x_wconf 78' lang='lat'><em>-</em></span> <span class='ocrx_word' id='word_1_80' title='bbox 648 1586 830 1646; x_wconf 88' lang='lat' dir='ltr'>deciderunt</span> <span class='ocrx_word' id='word_1_81' title='bbox 857 1587 983 1646; x_wconf 90' lang='lat' dir='ltr'>humero</span> <span class='ocrx_word' id='word_1_82' title='bbox 1011 1587 1100 1665; x_wconf 90' lang='lat' dir='ltr'>lapsa</span> <span class='ocrx_word' id='word_1_83' title='bbox 1128 1587 1232 1666; x_wconf 89' lang='lat' dir='ltr'>pallia.</span> <span class='ocrx_word' id='word_1_84' title='bbox 1276 1589 1351 1647; x_wconf 88' lang='lat' dir='ltr'>satis</span> 
     </span>
     <span class='ocr_line' id='line_1_12' title="bbox 234 1687 1352 1768; baseline 0.002 -22"><span class='ocrx_word' id='word_1_85' title='bbox 234 1688 378 1747; x_wconf 86' lang='lat' dir='ltr'>notabilis</span> <span class='ocrx_word' id='word_1_86' title='bbox 401 1688 478 1746; x_wconf 90' lang='lat' dir='ltr'>haec</span> <span class='ocrx_word' id='word_1_87' title='bbox 500 1689 684 1748; x_wconf 84' lang='lat' dir='ltr'>narrationis</span> <span class='ocrx_word' id='word_1_88' title='bbox 707 1708 789 1767; x_wconf 90' lang='lat' dir='ltr'>pars.</span> <span class='ocrx_word' id='word_1_89' title='bbox 824 1689 871 1756; x_wconf 88' lang='lat' dir='ltr'>cui</span> <span class='ocrx_word' id='word_1_90' title='bbox 894 1709 933 1747; x_wconf 83' lang='lat' dir='ltr'>ex</span> <span class='ocrx_word' id='word_1_91' title='bbox 956 1689 1029 1747; x_wconf 87' lang='lat' dir='ltr'>artis</span> <span class='ocrx_word' id='word_1_92' title='bbox 1053 1687 1196 1766; x_wconf 87' lang='lat' dir='ltr'>operibus</span> <span class='ocrx_word' id='word_1_93' title='bbox 1227 1696 1352 1768; x_wconf 89' lang='lat' dir='ltr'>praeter</span> 
     </span>
     <span class='ocr_line' id='line_1_13' title="bbox 234 1789 1352 1870; baseline 0 -22"><span class='ocrx_word' id='word_1_94' title='bbox 234 1798 337 1848; x_wconf 86' lang='lat' dir='ltr'>cetera</span> <span class='ocrx_word' id='word_1_95' title='bbox 367 1789 538 1848; x_wconf 82' lang='lat' dir='ltr'>conferrem</span> <span class='ocrx_word' id='word_1_96' title='bbox 565 1790 694 1849; x_wconf 87' lang='lat' dir='ltr'>inlustre</span> <span class='ocrx_word' id='word_1_97' title='bbox 725 1790 932 1849; x_wconf 88' lang='lat' dir='ltr'>Parthenonis</span> <span class='ocrx_word' id='word_1_98' title='bbox 961 1790 1172 1870; x_wconf 83' lang='lat' dir='ltr'>anaglyphum</span> <span class='ocrx_word' id='word_1_99' title='bbox 1200 1810 1262 1848; x_wconf 90' lang='lat' dir='ltr'>non</span> <span class='ocrx_word' id='word_1_100' title='bbox 1292 1790 1352 1851; x_wconf 86' lang='lat' dir='ltr'>nisi</span> 
     </span>
     <span class='ocr_line' id='line_1_14' title="bbox 236 1890 1350 1971; baseline 0.002 -21"><span class='ocrx_word' id='word_1_101' title='bbox 236 1890 364 1970; x_wconf 82' lang='lat' dir='ltr'>Carreyi</span> <span class='ocrx_word' id='word_1_102' title='bbox 387 1890 605 1968; x_wconf 83' lang='lat' dir='ltr'>designatione</span> <span class='ocrx_word' id='word_1_103' title='bbox 628 1900 791 1965; x_wconf 82' lang='lat' dir='ltr'>servatum,</span> <span class='ocrx_word' id='word_1_104' title='bbox 817 1911 876 1971; x_wconf 90' lang='lat' dir='ltr'>quo</span> <span class='ocrx_word' id='word_1_105' title='bbox 900 1892 1070 1951; x_wconf 88' lang='lat' dir='ltr'>Mercurius</span> <span class='ocrx_word' id='word_1_106' title='bbox 1100 1900 1350 1970; x_wconf 89' lang='lat' dir='ltr'>repraesentatus</span> 
     </span>
     <span class='ocr_line' id='line_1_15' title="bbox 236 1989 1352 2072; baseline 0.001 -20"><span class='ocrx_word' id='word_1_107' title='bbox 236 2011 303 2052; x_wconf 88' lang='lat' dir='ltr'>esse</span> <span class='ocrx_word' id='word_1_108' title='bbox 334 1992 468 2051; x_wconf 90' lang='lat' dir='ltr'>creditur</span> <span class='ocrx_word' id='word_1_109' title='bbox 484 1992 616 2051; x_wconf 84' lang='lat' dir='ltr'>Hersam</span> <span class='ocrx_word' id='word_1_110' title='bbox 639 1991 786 2072; x_wconf 80' lang='lat' dir='ltr'>Cecropis</span> <span class='ocrx_word' id='word_1_111' title='bbox 807 1993 902 2053; x_wconf 89' lang='lat' dir='ltr'>filiam</span> <span class='ocrx_word' id='word_1_112' title='bbox 926 1993 997 2052; x_wconf 91' lang='lat' dir='ltr'>dum</span> <span class='ocrx_word' id='word_1_113' title='bbox 1019 1989 1213 2052; x_wconf 85' lang='lat' dir='ltr'>canistrifera</span> <span class='ocrx_word' id='word_1_114' title='bbox 1234 1993 1352 2053; x_wconf 88' lang='lat' dir='ltr'>incedit</span> 
     </span>
     <span class='ocr_line' id='line_1_16' title="bbox 234 2092 1351 2176; baseline 0.003 -24"><span class='ocrx_word' id='word_1_115' title='bbox 234 2092 345 2152; x_wconf 88' lang='lat' dir='ltr'>videns</span> <span class='ocrx_word' id='word_1_116' title='bbox 368 2093 558 2172; x_wconf 86' lang='lat' dir='ltr'>palliumque</span> <span class='ocrx_word' id='word_1_117' title='bbox 581 2092 682 2153; x_wconf 91' lang='lat' dir='ltr'>subita</span> <span class='ocrx_word' id='word_1_118' title='bbox 704 2095 867 2154; x_wconf 88' lang='lat' dir='ltr'>miratione</span> <span class='ocrx_word' id='word_1_119' title='bbox 884 2094 1045 2176; x_wconf 84' lang='lat' dir='ltr'>delapsum</span> <span class='ocrx_word' id='word_1_120' title='bbox 1067 2094 1206 2154; x_wconf 90' lang='lat' dir='ltr'>manibus</span> <span class='ocrx_word' id='word_1_121' title='bbox 1229 2104 1351 2170; x_wconf 85' lang='lat' dir='ltr'>tenens,</span> 
     </span>
     <span class='ocr_line' id='line_1_17' title="bbox 236 2193 1351 2280; baseline 0.002 -25"><span class='ocrx_word' id='word_1_122' title='bbox 236 2196 307 2255; x_wconf 90' lang='lat' dir='ltr'>dum</span> <span class='ocrx_word' id='word_1_123' title='bbox 335 2194 427 2254; x_wconf 89' lang='lat' dir='ltr'>modo</span> <span class='ocrx_word' id='word_1_124' title='bbox 454 2195 532 2253; x_wconf 91' lang='lat' dir='ltr'>haec</span> <span class='ocrx_word' id='word_1_125' title='bbox 561 2204 645 2254; x_wconf 87' lang='lat' dir='ltr'>certa</span> <span class='ocrx_word' id='word_1_126' title='bbox 673 2205 755 2256; x_wconf 90' lang='lat' dir='ltr'>esset</span> <span class='ocrx_word' id='word_1_127' title='bbox 783 2195 820 2257; x_wconf 92' lang='grc' dir='ltr'>Ο.</span> <span class='ocrx_word' id='word_1_128' title='bbox 844 2197 995 2280; x_wconf 36' lang='lat' dir='ltr'>Muelleri!</span> <span class='ocrx_word' id='word_1_129' title='bbox 1013 2197 1227 2275; x_wconf 89' lang='lat' dir='ltr'>interpretatio</span> <span class='ocrx_word' id='word_1_130' title='bbox 1236 2193 1273 2275; x_wconf 81' lang='lat'>⁴).</span> <span class='ocrx_word' id='word_1_131' title='bbox 1312 2199 1351 2258; x_wconf 88' lang='lat' dir='ltr'>cf.</span> 
     </span>
     <span class='ocr_line' id='line_1_18' title="bbox 235 2296 1353 2371; baseline 0.003 -16"><span class='ocrx_word' id='word_1_132' title='bbox 235 2296 511 2356; x_wconf 86' lang='lat' dir='ltr'>Brocndstedtium</span> <span class='ocrx_word' id='word_1_133' title='bbox 532 2296 649 2356; x_wconf 89' lang='lat' dir='ltr'>Reisen</span> <span class='ocrx_word' id='word_1_134' title='bbox 672 2297 737 2356; x_wconf 93' lang='lat' dir='ltr'>und</span> <span class='ocrx_word' id='word_1_135' title='bbox 760 2299 885 2359; x_wconf 86' lang='lat' dir='ltr'>Vntcrs.</span> <span class='ocrx_word' id='word_1_136' title='bbox 907 2297 968 2357; x_wconf 89' lang='lat' dir='ltr'>tab.</span> <span class='ocrx_word' id='word_1_137' title='bbox 992 2298 1116 2359; x_wconf 91' lang='lat' dir='ltr'>XLVII</span> <span class='ocrx_word' id='word_1_138' title='bbox 1140 2305 1185 2371; x_wconf 79' lang='lat'>14,</span> <span class='ocrx_word' id='word_1_139' title='bbox 1210 2299 1353 2358; x_wconf 88' lang='lat' dir='ltr'>Muelleri</span> 
     </span>
     <span class='ocr_line' id='line_1_19' title="bbox 236 2396 1351 2480; baseline 0.003 -23"><span class='ocrx_word' id='word_1_140' title='bbox 236 2406 266 2457; x_wconf 90' lang='lat' dir='ltr'>et</span> <span class='ocrx_word' id='word_1_141' title='bbox 282 2396 460 2478; x_wconf 88' lang='lat' dir='ltr'>Oesterleyi</span> <span class='ocrx_word' id='word_1_142' title='bbox 481 2407 679 2458; x_wconf 87' lang='lat' dir='ltr'>monumenta</span> <span class='ocrx_word' id='word_1_143' title='bbox 694 2400 710 2459; x_wconf 97' lang='lat' dir='ltr'>I</span> <span class='ocrx_word' id='word_1_144' title='bbox 731 2397 793 2459; x_wconf 89' lang='lat' dir='ltr'>tab.</span> <span class='ocrx_word' id='word_1_145' title='bbox 809 2399 909 2459; x_wconf 90' lang='lat' dir='ltr'>XXII</span> <span class='ocrx_word' id='word_1_146' title='bbox 927 2408 983 2460; x_wconf 82' lang='lat'>114.</span> <span class='ocrx_word' id='word_1_147' title='bbox 1014 2419 1197 2480; x_wconf 88' lang='lat' dir='ltr'>quamquam</span> <span class='ocrx_word' id='word_1_148' title='bbox 1212 2400 1351 2460; x_wconf 92' lang='lat' dir='ltr'>Broend·</span> 
     </span>
     <span class='ocr_line' id='line_1_20' title="bbox 235 2499 1351 2580; baseline 0.001 -21"><span class='ocrx_word' id='word_1_149' title='bbox 235 2499 329 2559; x_wconf 90' lang='lat' dir='ltr'>stedti</span> <span class='ocrx_word' id='word_1_150' title='bbox 357 2500 534 2560; x_wconf 88' lang='lat' dir='ltr'>coniectura</span> <span class='ocrx_word' id='word_1_151' title='bbox 561 2501 660 2560; x_wconf 90' lang='lat' dir='ltr'>minus</span> <span class='ocrx_word' id='word_1_152' title='bbox 691 2501 783 2560; x_wconf 90' lang='lat' dir='ltr'>etiam</span> <span class='ocrx_word' id='word_1_153' title='bbox 811 2500 906 2559; x_wconf 88' lang='lat' dir='ltr'>habet</span> <span class='ocrx_word' id='word_1_154' title='bbox 940 2500 1176 2580; x_wconf 89' lang='lat' dir='ltr'>probabilitatis.</span> <span class='ocrx_word' id='word_1_155' title='bbox 1222 2510 1253 2560; x_wconf 95' lang='lat' dir='ltr'>et</span> <span class='ocrx_word' id='word_1_156' title='bbox 1280 2521 1351 2560; x_wconf 88' lang='lat' dir='ltr'>con-</span> 
     </span>
     <span class='ocr_line' id='line_1_21' title="bbox 235 2602 1351 2682; baseline 0.002 -22"><span class='ocrx_word' id='word_1_157' title='bbox 235 2603 357 2680; x_wconf 83' lang='lat' dir='ltr'>gruenti</span> <span class='ocrx_word' id='word_1_158' title='bbox 384 2602 505 2661; x_wconf 89' lang='lat' dir='ltr'>ratione</span> <span class='ocrx_word' id='word_1_159' title='bbox 534 2610 647 2681; x_wconf 90' lang='lat' dir='ltr'>poetae</span> <span class='ocrx_word' id='word_1_160' title='bbox 670 2610 810 2661; x_wconf 87' lang='lat' dir='ltr'>veterum</span> <span class='ocrx_word' id='word_1_161' title='bbox 838 2602 951 2661; x_wconf 90' lang='lat' dir='ltr'>amoris</span> <span class='ocrx_word' id='word_1_162' title='bbox 975 2603 1062 2682; x_wconf 89' lang='lat' dir='ltr'>quasi</span> <span class='ocrx_word' id='word_1_163' title='bbox 1085 2603 1206 2662; x_wconf 87' lang='lat' dir='ltr'>aculeos</span> <span class='ocrx_word' id='word_1_164' title='bbox 1228 2603 1261 2660; x_wconf 94' lang='lat' dir='ltr'>in</span> <span class='ocrx_word' id='word_1_165' title='bbox 1283 2604 1351 2682; x_wconf 90' lang='lat' dir='ltr'>ipso</span> 
     </span>
    </p>
   </div>
   <div class='ocr_carea' id='block_1_5' title="bbox 194 2869 1353 3614">
    <p class='ocr_par' dir='ltr' id='par_1_5' title="bbox 194 2869 1353 3614">
     <span class='ocr_line' id='line_1_22' title="bbox 303 2869 1352 2936; baseline 0 -16"><span class='ocrx_word' id='word_1_166' title='bbox 303 2869 322 2935; x_wconf 67' lang='grc'>1)</span> <span class='ocrx_word' id='word_1_167' title='bbox 347 2871 390 2920; x_wconf 82' lang='lat' dir='ltr'>cf.</span> <span class='ocrx_word' id='word_1_168' title='bbox 409 2871 475 2922; x_wconf 90' lang='lat' dir='ltr'>Deli</span> <span class='ocrx_word' id='word_1_169' title='bbox 497 2870 711 2936; x_wconf 81' lang='lat' dir='ltr'>descriptionem</span> <span class='ocrx_word' id='word_1_170' title='bbox 736 2869 816 2920; x_wconf 90' lang='lat' dir='ltr'>modo</span> <span class='ocrx_word' id='word_1_171' title='bbox 834 2872 1027 2933; x_wconf 85' lang='lat' dir='ltr'>memoratam,</span> <span class='ocrx_word' id='word_1_172' title='bbox 1051 2870 1262 2920; x_wconf 88' lang='lat' dir='ltr'>Tournefortum</span> <span class='ocrx_word' id='word_1_173' title='bbox 1282 2869 1352 2920; x_wconf 89' lang='lat' dir='ltr'>rela-</span> 
     </span>
     <span class='ocr_line' id='line_1_23' title="bbox 234 2953 821 3021; baseline -0.007 -15"><span class='ocrx_word' id='word_1_174' title='bbox 234 2957 293 3007; x_wconf 92' lang='lat' dir='ltr'>tion</span> <span class='ocrx_word' id='word_1_175' title='bbox 311 2956 373 3006; x_wconf 84' lang='lat' dir='ltr'>d&#39;un</span> <span class='ocrx_word' id='word_1_176' title='bbox 391 2971 499 3021; x_wconf 86' lang='lat' dir='ltr'>voyage</span> <span class='ocrx_word' id='word_1_177' title='bbox 518 2955 554 3003; x_wconf 89' lang='lat' dir='ltr'>du</span> <span class='ocrx_word' id='word_1_178' title='bbox 571 2953 668 3006; x_wconf 88' lang='lat' dir='ltr'>levant</span> <span class='ocrx_word' id='word_1_179' title='bbox 686 2955 699 3003; x_wconf 95' lang='grc' dir='ltr'>Ι</span> <span class='ocrx_word' id='word_1_180' title='bbox 717 2970 743 3018; x_wconf 86' lang='lat' dir='ltr'>p.</span> <span class='ocrx_word' id='word_1_181' title='bbox 762 2955 821 3005; x_wconf 83' lang='lat'>349.</span> 
     </span>
     <span class='ocr_line' id='line_1_24' title="bbox 301 3038 1352 3106; baseline -0.003 -15"><span class='ocrx_word' id='word_1_182' title='bbox 301 3038 323 3106; x_wconf 84' lang='lat'>²)</span> <span class='ocrx_word' id='word_1_183' title='bbox 342 3043 385 3091; x_wconf 91' lang='lat' dir='ltr'>De</span> <span class='ocrx_word' id='word_1_184' title='bbox 403 3041 458 3090; x_wconf 89' lang='lat' dir='ltr'>hac</span> <span class='ocrx_word' id='word_1_185' title='bbox 478 3056 527 3090; x_wconf 90' lang='lat' dir='ltr'>ara</span> <span class='ocrx_word' id='word_1_186' title='bbox 545 3039 622 3090; x_wconf 88' lang='lat' dir='ltr'>docte</span> <span class='ocrx_word' id='word_1_187' title='bbox 642 3042 839 3089; x_wconf 83' lang='lat' dir='ltr'>commentatus</span> <span class='ocrx_word' id='word_1_188' title='bbox 859 3041 901 3088; x_wconf 91' lang='lat' dir='ltr'>est</span> <span class='ocrx_word' id='word_1_189' title='bbox 912 3038 1041 3088; x_wconf 86' lang='lat' dir='ltr'>Osannus</span> <span class='ocrx_word' id='word_1_190' title='bbox 1059 3039 1221 3089; x_wconf 88' lang='lat' dir='ltr'>Kunstblatt</span> <span class='ocrx_word' id='word_1_191' title='bbox 1239 3040 1352 3089; x_wconf 89' lang='lat' dir='ltr'>heraus-</span> 
     </span>
     <span class='ocr_line' id='line_1_25' title="bbox 235 3123 1353 3191; baseline -0.001 -15"><span class='ocrx_word' id='word_1_192' title='bbox 235 3126 364 3191; x_wconf 81' lang='lat' dir='ltr'>gegeben</span> <span class='ocrx_word' id='word_1_193' title='bbox 381 3141 407 3178; x_wconf 89' lang='lat' dir='ltr'>v.</span> <span class='ocrx_word' id='word_1_194' title='bbox 426 3126 458 3174; x_wconf 88' lang='lat' dir='ltr'>L.</span> <span class='ocrx_word' id='word_1_195' title='bbox 478 3124 583 3174; x_wconf 82' lang='lat' dir='ltr'>Schorn</span> <span class='ocrx_word' id='word_1_196' title='bbox 601 3124 666 3174; x_wconf 86' lang='grc'>1837</span> <span class='ocrx_word' id='word_1_197' title='bbox 684 3139 712 3172; x_wconf 89' lang='lat' dir='ltr'>n.</span> <span class='ocrx_word' id='word_1_198' title='bbox 733 3124 762 3172; x_wconf 84' lang='lat'>11</span> <span class='ocrx_word' id='word_1_199' title='bbox 776 3139 817 3189; x_wconf 91' lang='lat' dir='ltr'>sq.</span> <span class='ocrx_word' id='word_1_200' title='bbox 836 3131 956 3173; x_wconf 88' lang='lat' dir='ltr'>ceterum</span> <span class='ocrx_word' id='word_1_201' title='bbox 975 3123 1002 3173; x_wconf 89' lang='lat' dir='ltr'>ei</span> <span class='ocrx_word' id='word_1_202' title='bbox 1019 3139 1080 3172; x_wconf 89' lang='lat' dir='ltr'>cnm</span> <span class='ocrx_word' id='word_1_203' title='bbox 1097 3124 1190 3174; x_wconf 87' lang='lat' dir='ltr'>vicina</span> <span class='ocrx_word' id='word_1_204' title='bbox 1207 3123 1290 3173; x_wconf 88' lang='lat' dir='ltr'>fuerit</span> <span class='ocrx_word' id='word_1_205' title='bbox 1309 3140 1353 3175; x_wconf 90' lang='lat' dir='ltr'>ce·</span> 
     </span>
     <span class='ocr_line' id='line_1_26' title="bbox 236 3207 1353 3274; baseline -0.001 -15"><span class='ocrx_word' id='word_1_206' title='bbox 236 3209 323 3260; x_wconf 86' lang='lat' dir='ltr'>labris</span> <span class='ocrx_word' id='word_1_207' title='bbox 342 3209 393 3260; x_wconf 91' lang='lat' dir='ltr'>illa</span> <span class='ocrx_word' id='word_1_208' title='bbox 413 3225 461 3259; x_wconf 86' lang='lat' dir='ltr'>ara</span> <span class='ocrx_word' id='word_1_209' title='bbox 481 3209 516 3258; x_wconf 87' lang='lat' dir='ltr'>ad</span> <span class='ocrx_word' id='word_1_210' title='bbox 534 3224 615 3273; x_wconf 89' lang='lat' dir='ltr'>quam</span> <span class='ocrx_word' id='word_1_211' title='bbox 632 3208 807 3274; x_wconf 80' lang='lat' dir='ltr'>Pythagoras</span> <span class='ocrx_word' id='word_1_212' title='bbox 819 3207 942 3274; x_wconf 84' lang='lat' dir='ltr'>Apollini</span> <span class='ocrx_word' id='word_1_213' title='bbox 960 3209 1085 3273; x_wconf 81' lang='lat' dir='ltr'>genetori</span> <span class='ocrx_word' id='word_1_214' title='bbox 1103 3209 1248 3258; x_wconf 84' lang='lat' dir='ltr'>incruenta</span> <span class='ocrx_word' id='word_1_215' title='bbox 1265 3210 1353 3260; x_wconf 87' lang='lat' dir='ltr'>sacri-</span> 
     </span>
     <span class='ocr_line' id='line_1_27' title="bbox 235 3292 1351 3360; baseline -0.002 -15"><span class='ocrx_word' id='word_1_216' title='bbox 235 3293 301 3345; x_wconf 84' lang='lat' dir='ltr'>ficia</span> <span class='ocrx_word' id='word_1_217' title='bbox 327 3294 534 3344; x_wconf 87' lang='lat' dir='ltr'>administrarat</span> <span class='ocrx_word' id='word_1_218' title='bbox 557 3293 604 3355; x_wconf 86' lang='lat' dir='ltr'>(cl.</span> <span class='ocrx_word' id='word_1_219' title='bbox 630 3295 725 3344; x_wconf 88' lang='lat' dir='ltr'>Laert.</span> <span class='ocrx_word' id='word_1_220' title='bbox 745 3294 826 3360; x_wconf 86' lang='lat' dir='ltr'>Diog.</span> <span class='ocrx_word' id='word_1_221' title='bbox 844 3292 911 3342; x_wconf 89' lang='lat' dir='ltr'>VIII</span> <span class='ocrx_word' id='word_1_222' title='bbox 930 3292 985 3355; x_wconf 84' lang='lat'>13),</span> <span class='ocrx_word' id='word_1_223' title='bbox 1009 3294 1075 3343; x_wconf 91' lang='lat' dir='ltr'>hinc</span> <span class='ocrx_word' id='word_1_224' title='bbox 1098 3292 1239 3344; x_wconf 86' lang='lat' dir='ltr'>Rauchius</span> <span class='ocrx_word' id='word_1_225' title='bbox 1257 3293 1281 3342; x_wconf 90' lang='lat' dir='ltr'>d.</span> <span class='ocrx_word' id='word_1_226' title='bbox 1302 3294 1351 3343; x_wconf 87' lang='lat' dir='ltr'>ait.</span> 
     </span>
     <span class='ocr_line' id='line_1_28' title="bbox 235 3377 1353 3444; baseline -0.001 -15"><span class='ocrx_word' id='word_1_227' title='bbox 235 3380 261 3431; x_wconf 86' lang='lat' dir='ltr'>d.</span> <span class='ocrx_word' id='word_1_228' title='bbox 287 3378 402 3429; x_wconf 85' lang='lat' dir='ltr'>Kallim.</span> <span class='ocrx_word' id='word_1_229' title='bbox 430 3396 456 3444; x_wconf 90' lang='lat' dir='ltr'>p.</span> <span class='ocrx_word' id='word_1_230' title='bbox 475 3380 508 3428; x_wconf 86' lang='grc'>47</span> <span class='ocrx_word' id='word_1_231' title='bbox 535 3393 603 3428; x_wconf 86' lang='lat' dir='ltr'>suae</span> <span class='ocrx_word' id='word_1_232' title='bbox 630 3378 663 3428; x_wconf 88' lang='lat' dir='ltr'>de</span> <span class='ocrx_word' id='word_1_233' title='bbox 691 3379 743 3444; x_wconf 85' lang='lat' dir='ltr'>frg.</span> <span class='ocrx_word' id='word_1_234' title='bbox 766 3380 798 3428; x_wconf 99' lang='grc'>27</span> <span class='ocrx_word' id='word_1_235' title='bbox 825 3378 971 3443; x_wconf 85' lang='lat' dir='ltr'>suspitioni</span> <span class='ocrx_word' id='word_1_236' title='bbox 999 3378 1120 3444; x_wconf 89' lang='lat' dir='ltr'>aliquam</span> <span class='ocrx_word' id='word_1_237' title='bbox 1146 3377 1353 3443; x_wconf 84' lang='lat' dir='ltr'>probabilitatis</span> 
     </span>
     <span class='ocr_line' id='line_1_29' title="bbox 194 3460 1352 3529; baseline -0.001 -16"><span class='ocrx_word' id='word_1_238' title='bbox 194 3502 198 3519; x_wconf 84' lang='grc'>,</span> <span class='ocrx_word' id='word_1_239' title='bbox 236 3464 357 3529; x_wconf 90' lang='lat' dir='ltr'>speciem</span> <span class='ocrx_word' id='word_1_240' title='bbox 377 3463 477 3514; x_wconf 86' lang='lat' dir='ltr'>addere</span> <span class='ocrx_word' id='word_1_241' title='bbox 496 3467 615 3529; x_wconf 88' lang='lat' dir='ltr'>poterat.</span> <span class='ocrx_word' id='word_1_242' title='bbox 645 3478 740 3514; x_wconf 88' lang='lat' dir='ltr'>verum</span> <span class='ocrx_word' id='word_1_243' title='bbox 760 3471 854 3512; x_wconf 86' lang='lat' dir='ltr'>contra</span> <span class='ocrx_word' id='word_1_244' title='bbox 870 3460 968 3514; x_wconf 85' lang='lat' dir='ltr'>valent</span> <span class='ocrx_word' id='word_1_245' title='bbox 984 3463 1109 3513; x_wconf 88' lang='lat' dir='ltr'>Heckeri</span> <span class='ocrx_word' id='word_1_246' title='bbox 1128 3463 1269 3529; x_wconf 86' lang='lat' dir='ltr'>disputata</span> <span class='ocrx_word' id='word_1_247' title='bbox 1279 3463 1352 3514; x_wconf 85' lang='lat' dir='ltr'>Rau·</span> 
     </span>
     <span class='ocr_line' id='line_1_30' title="bbox 236 3547 997 3614; baseline 0 -16"><span class='ocrx_word' id='word_1_248' title='bbox 236 3548 299 3598; x_wconf 89' lang='lat' dir='ltr'>chlo</span> <span class='ocrx_word' id='word_1_249' title='bbox 316 3549 413 3614; x_wconf 89' lang='lat' dir='ltr'>ignota</span> <span class='ocrx_word' id='word_1_250' title='bbox 432 3553 576 3598; x_wconf 87' lang='lat' dir='ltr'>comment.</span> <span class='ocrx_word' id='word_1_251' title='bbox 597 3547 630 3612; x_wconf 81' lang='lat' dir='ltr'>de</span> <span class='ocrx_word' id='word_1_252' title='bbox 650 3547 724 3600; x_wconf 91' lang='lat' dir='ltr'>anth.</span> <span class='ocrx_word' id='word_1_253' title='bbox 744 3547 790 3598; x_wconf 87' lang='lat' dir='ltr'>Gr.</span> <span class='ocrx_word' id='word_1_254' title='bbox 811 3548 876 3598; x_wconf 89' lang='grc'><strong>1843</strong></span> <span class='ocrx_word' id='word_1_255' title='bbox 894 3563 920 3612; x_wconf 86' lang='lat' dir='ltr'>p.</span> <span class='ocrx_word' id='word_1_256' title='bbox 939 3549 997 3598; x_wconf 87' lang='grc'>270.</span> 
     </span>
    </p>
   </div>
   <div class='ocr_carea' id='block_1_6' title="bbox 303 3647 1048 3713">
    <p class='ocr_par' dir='ltr' id='par_1_6' title="bbox 303 3647 1048 3713">
     <span class='ocr_line' id='line_1_31' title="bbox 303 3647 1048 3713; baseline 0.003 -15"><span class='ocrx_word' id='word_1_257' title='bbox 303 3647 328 3713; x_wconf 76' lang='lat'>³)</span> <span class='ocrx_word' id='word_1_258' title='bbox 348 3648 390 3699; x_wconf 81' lang='lat' dir='ltr'>Ol.</span> <span class='ocrx_word' id='word_1_259' title='bbox 410 3649 616 3700; x_wconf 88' lang='lat' dir='ltr'>Boetticherum</span> <span class='ocrx_word' id='word_1_260' title='bbox 634 3648 816 3699; x_wconf 86' lang='lat' dir='ltr'>Baumkultus</span> <span class='ocrx_word' id='word_1_261' title='bbox 834 3665 860 3713; x_wconf 89' lang='lat' dir='ltr'>p.</span> <span class='ocrx_word' id='word_1_262' title='bbox 879 3651 912 3700; x_wconf 85' lang='lat'>30</span> <span class='ocrx_word' id='word_1_263' title='bbox 930 3663 970 3713; x_wconf 89' lang='lat' dir='ltr'>sq.</span> <span class='ocrx_word' id='word_1_264' title='bbox 988 3651 1048 3700; x_wconf 80' lang='lat'><strong>419.</strong></span> 
     </span>
    </p>
   </div>
   <div class='ocr_carea' id='block_1_7' title="bbox 130 3748 1387 4410">
    <p class='ocr_par' dir='ltr' id='par_1_7' title="bbox 236 3748 1387 4324">
     <span class='ocr_line' id='line_1_32' title="bbox 302 3748 1351 3816; baseline 0.004 -15"><span class='ocrx_word' id='word_1_265' title='bbox 302 3748 323 3814; x_wconf 73' lang='grc'>4)</span> <span class='ocrx_word' id='word_1_266' title='bbox 343 3751 422 3813; x_wconf 80' lang='lat' dir='ltr'>Quae</span> <span class='ocrx_word' id='word_1_267' title='bbox 442 3752 465 3801; x_wconf 88' lang='lat' dir='ltr'>si</span> <span class='ocrx_word' id='word_1_268' title='bbox 483 3767 551 3801; x_wconf 86' lang='lat' dir='ltr'>vera</span> <span class='ocrx_word' id='word_1_269' title='bbox 570 3755 651 3813; x_wconf 82' lang='lat' dir='ltr'>esset,</span> <span class='ocrx_word' id='word_1_270' title='bbox 671 3754 785 3816; x_wconf 88' lang='lat' dir='ltr'>perapte</span> <span class='ocrx_word' id='word_1_271' title='bbox 804 3753 900 3814; x_wconf 89' lang='lat' dir='ltr'>posset</span> <span class='ocrx_word' id='word_1_272' title='bbox 917 3750 1002 3801; x_wconf 88' lang='lat' dir='ltr'>Ovidi</span> <span class='ocrx_word' id='word_1_273' title='bbox 1018 3750 1096 3801; x_wconf 89' lang='lat' dir='ltr'>locus</span> <span class='ocrx_word' id='word_1_274' title='bbox 1116 3752 1272 3816; x_wconf 83' lang='lat' dir='ltr'>comparari</span> <span class='ocrx_word' id='word_1_275' title='bbox 1289 3755 1351 3804; x_wconf 88' lang='lat' dir='ltr'>met.</span> 
     </span>
     <span class='ocr_line' id='line_1_33' title="bbox 236 3829 1352 3900; baseline -0.001 -15"><span class='ocrx_word' id='word_1_276' title='bbox 236 3835 264 3885; x_wconf 90' lang='lat'>11</span> <span class='ocrx_word' id='word_1_277' title='bbox 282 3837 340 3898; x_wconf 89' lang='grc'>726,</span> <span class='ocrx_word' id='word_1_278' title='bbox 359 3835 407 3885; x_wconf 92' lang='lat' dir='ltr'>ubi</span> <span class='ocrx_word' id='word_1_279' title='bbox 426 3836 459 3886; x_wconf 87' lang='lat' dir='ltr'>dc</span> <span class='ocrx_word' id='word_1_280' title='bbox 477 3836 615 3885; x_wconf 82' lang='lat' dir='ltr'>Mercurio</span> <span class='ocrx_word' id='word_1_281' title='bbox 633 3835 752 3886; x_wconf 86' lang='lat' dir='ltr'>Hersam</span> <span class='ocrx_word' id='word_1_282' title='bbox 772 3829 962 3899; x_wconf 82' lang='lat' dir='ltr'>conspiciente</span> <span class='ocrx_word' id='word_1_283' title='bbox 981 3834 1094 3884; x_wconf 89' lang='lat' dir='ltr'>dicitur:</span> <span class='ocrx_word' id='word_1_284' title='bbox 1120 3835 1258 3900; x_wconf 73' lang='lat' dir='ltr'>obstupuit</span> <span class='ocrx_word' id='word_1_285' title='bbox 1280 3836 1352 3885; x_wconf 86' lang='lat' dir='ltr'>idern</span> 
     </span>
     <span class='ocr_line' id='line_1_34' title="bbox 236 3918 1353 3986; baseline 0 -17"><span class='ocrx_word' id='word_1_286' title='bbox 236 3919 269 3971; x_wconf 88' lang='lat' dir='ltr'>de</span> <span class='ocrx_word' id='word_1_287' title='bbox 287 3921 462 3986; x_wconf 89' lang='lat' dir='ltr'>Hippomene</span> <span class='ocrx_word' id='word_1_288' title='bbox 485 3918 646 3969; x_wconf 81' lang='lat' dir='ltr'>Atalantam</span> <span class='ocrx_word' id='word_1_289' title='bbox 669 3919 769 3969; x_wconf 85' lang='lat' dir='ltr'>nudam</span> <span class='ocrx_word' id='word_1_290' title='bbox 793 3919 982 3984; x_wconf 88' lang='lat' dir='ltr'>conspiciente</span> <span class='ocrx_word' id='word_1_291' title='bbox 1006 3920 1112 3970; x_wconf 74' lang='lat' dir='ltr'>metii</span> <span class='ocrx_word' id='word_1_292' title='bbox 1136 3921 1199 3971; x_wconf 82' lang='lat'><strong>580:</strong></span> <span class='ocrx_word' id='word_1_293' title='bbox 1224 3920 1353 3984; x_wconf 81' lang='lat' dir='ltr'>obstupuit</span> 
     </span>
     <span class='ocr_line' id='line_1_35' title="bbox 237 4003 1352 4070; baseline -0.004 -14"><span class='ocrx_word' id='word_1_294' title='bbox 237 4008 375 4070; x_wconf 69' lang='lat' dir='ltr'>tradensque</span> <span class='ocrx_word' id='word_1_295' title='bbox 392 4020 487 4062; x_wconf 77' lang='lat' dir='ltr'>amnas,</span> <span class='ocrx_word' id='word_1_296' title='bbox 506 4005 635 4068; x_wconf 79' lang='lat' dir='ltr'>ipaoscite,</span> <span class='ocrx_word' id='word_1_297' title='bbox 654 4006 730 4054; x_wconf 74' lang='lat' dir='ltr'>dama</span> <span class='ocrx_word' id='word_1_298' title='bbox 766 4007 794 4053; x_wconf 87' lang='lat' dir='ltr'>et</span> <span class='ocrx_word' id='word_1_299' title='bbox 811 4004 971 4070; x_wconf 86' lang='lat' dir='ltr'>Propertius</span> <span class='ocrx_word' id='word_1_300' title='bbox 989 4004 1012 4052; x_wconf 93' lang='lat' dir='ltr'>V</span> <span class='ocrx_word' id='word_1_301' title='bbox 1030 4004 1055 4065; x_wconf 79' lang='lat'>4,</span> <span class='ocrx_word' id='word_1_302' title='bbox 1075 4005 1106 4053; x_wconf 93' lang='grc'>21</span> <span class='ocrx_word' id='word_1_303' title='bbox 1119 4019 1159 4068; x_wconf 90' lang='lat' dir='ltr'>sq.</span> <span class='ocrx_word' id='word_1_304' title='bbox 1179 4003 1212 4053; x_wconf 87' lang='lat' dir='ltr'>de</span> <span class='ocrx_word' id='word_1_305' title='bbox 1231 4005 1352 4068; x_wconf 87' lang='lat' dir='ltr'>Tarpeia</span> 
     </span>
     <span class='ocr_line' id='line_1_36' title="bbox 236 4087 1352 4154; baseline -0.002 -16"><span class='ocrx_word' id='word_1_306' title='bbox 236 4089 346 4140; x_wconf 89' lang='lat' dir='ltr'>Tatium</span> <span class='ocrx_word' id='word_1_307' title='bbox 364 4104 458 4154; x_wconf 85' lang='lat' dir='ltr'>regem</span> <span class='ocrx_word' id='word_1_308' title='bbox 477 4088 602 4138; x_wconf 87' lang='lat' dir='ltr'>vidente:</span> <span class='ocrx_word' id='word_1_309' title='bbox 622 4089 752 4152; x_wconf 82' lang='lat' dir='ltr'>obstupuit</span> <span class='ocrx_word' id='word_1_310' title='bbox 769 4091 838 4154; x_wconf 78' lang='lat' dir='ltr'>repis</span> <span class='ocrx_word' id='word_1_311' title='bbox 853 4089 922 4152; x_wconf 78' lang='lat' dir='ltr'>facie</span> <span class='ocrx_word' id='word_1_312' title='bbox 941 4095 966 4138; x_wconf 86' lang='lat' dir='ltr'>et</span> <span class='ocrx_word' id='word_1_313' title='bbox 982 4088 1109 4153; x_wconf 75' lang='lat' dir='ltr'>repetitus</span> <span class='ocrx_word' id='word_1_314' title='bbox 1126 4090 1203 4138; x_wconf 72' lang='lat' dir='ltr'>arinis</span> <span class='ocrx_word' id='word_1_315' title='bbox 1218 4087 1352 4152; x_wconf 78' lang='lat' dir='ltr'>{interque</span> 
     </span>
     <span class='ocr_line' id='line_1_37' title="bbox 236 4172 1351 4238; baseline -0.004 -13"><span class='ocrx_word' id='word_1_316' title='bbox 236 4174 328 4226; x_wconf 84' lang='lat' dir='ltr'>oblitas</span> <span class='ocrx_word' id='word_1_317' title='bbox 345 4175 444 4226; x_wconf 71' lang='lat' dir='ltr'>eccidit</span> <span class='ocrx_word' id='word_1_318' title='bbox 460 4189 526 4222; x_wconf 72' lang='lat' dir='ltr'>saraa</span> <span class='ocrx_word' id='word_1_319' title='bbox 543 4189 639 4226; x_wconf 75' lang='lat' dir='ltr'>manua</span> <span class='ocrx_word' id='word_1_320' title='bbox 662 4174 771 4225; x_wconf 90' lang='lat' dir='ltr'>omnino</span> <span class='ocrx_word' id='word_1_321' title='bbox 789 4190 846 4224; x_wconf 88' lang='lat' dir='ltr'>rem</span> <span class='ocrx_word' id='word_1_322' title='bbox 864 4174 918 4224; x_wconf 90' lang='lat' dir='ltr'>tibi</span> <span class='ocrx_word' id='word_1_323' title='bbox 937 4175 977 4223; x_wconf 87' lang='lat' dir='ltr'>ita</span> <span class='ocrx_word' id='word_1_324' title='bbox 996 4174 1087 4223; x_wconf 88' lang='lat' dir='ltr'>animo</span> <span class='ocrx_word' id='word_1_325' title='bbox 1105 4172 1204 4238; x_wconf 83' lang='lat' dir='ltr'>fingas,</span> <span class='ocrx_word' id='word_1_326' title='bbox 1222 4177 1252 4220; x_wconf 90' lang='lat' dir='ltr'>ut</span> <span class='ocrx_word' id='word_1_327' title='bbox 1264 4172 1351 4221; x_wconf 88' lang='lat' dir='ltr'>lacer·</span> 
     </span>
     <span class='ocr_line' id='line_1_38' title="bbox 237 4255 1387 4324; baseline -0.006 -14"><span class='ocrx_word' id='word_1_328' title='bbox 237 4259 274 4310; x_wconf 87' lang='lat' dir='ltr'>tis</span> <span class='ocrx_word' id='word_1_329' title='bbox 296 4275 363 4324; x_wconf 86' lang='lat' dir='ltr'>prae</span> <span class='ocrx_word' id='word_1_330' title='bbox 387 4258 480 4308; x_wconf 86' lang='lat' dir='ltr'>subita</span> <span class='ocrx_word' id='word_1_331' title='bbox 505 4257 684 4308; x_wconf 84' lang='lat' dir='ltr'>admiratione</span> <span class='ocrx_word' id='word_1_332' title='bbox 710 4260 811 4310; x_wconf 90' lang='lat' dir='ltr'>erectis</span> <span class='ocrx_word' id='word_1_333' title='bbox 834 4256 884 4322; x_wconf 85' lang='lat' dir='ltr'>(cf.</span> <span class='ocrx_word' id='word_1_334' title='bbox 902 4257 1028 4308; x_wconf 89' lang='lat' dir='ltr'>Iahnium</span> <span class='ocrx_word' id='word_1_335' title='bbox 1053 4255 1193 4308; x_wconf 88' lang='lat' dir='ltr'>archaeol.</span> <span class='ocrx_word' id='word_1_336' title='bbox 1213 4255 1305 4304; x_wconf 83' lang='lat' dir='ltr'>Aufss.</span> <span class='ocrx_word' id='word_1_337' title='bbox 1323 4270 1350 4319; x_wconf 91' lang='lat' dir='ltr'>p.</span> <span class='ocrx_word' id='word_1_338' title='bbox 1382 4305 1387 4315; x_wconf 65' lang='grc'><em>,</em></span> 
     </span>
    </p>

    <p class='ocr_par' dir='ltr' id='par_1_8' title="bbox 130 4326 1223 4410">
     <span class='ocr_line' id='line_1_39' title="bbox 130 4326 1223 4410; baseline -0.005 -12"><span class='ocrx_word' id='word_1_339' title='bbox 130 4389 133 4398; x_wconf 94' lang='grc'><em>,</em></span> <span class='ocrx_word' id='word_1_340' title='bbox 240 4345 296 4404; x_wconf 83' lang='grc'><strong>116,</strong></span> <span class='ocrx_word' id='word_1_341' title='bbox 315 4343 358 4409; x_wconf 89' lang='grc'>72)</span> <span class='ocrx_word' id='word_1_342' title='bbox 377 4342 493 4410; x_wconf 89' lang='lat' dir='ltr'>pallium</span> <span class='ocrx_word' id='word_1_343' title='bbox 511 4342 611 4392; x_wconf 83' lang='lat' dir='ltr'>Aconti</span> <span class='ocrx_word' id='word_1_344' title='bbox 630 4359 664 4393; x_wconf 81' lang='lat' dir='ltr'>ex</span> <span class='ocrx_word' id='word_1_345' title='bbox 682 4348 761 4409; x_wconf 89' lang='lat' dir='ltr'>parto</span> <span class='ocrx_word' id='word_1_346' title='bbox 780 4342 922 4408; x_wconf 87' lang='lat' dir='ltr'>delapsum</span> <span class='ocrx_word' id='word_1_347' title='bbox 940 4343 987 4394; x_wconf 87' lang='lat' dir='ltr'>sit.</span> <span class='ocrx_word' id='word_1_348' title='bbox 1217 4326 1223 4338; x_wconf 51' lang='lat'><strong><em>¹</em></strong></span> 
     </span>
    </p>
   </div>
   <div class='ocr_carea' id='block_1_8' title="bbox 0 0 1635 5158">
    <p class='ocr_par' dir='ltr' id='par_1_9' title="bbox 0 0 1635 5158">
     <span class='ocr_line' id='line_1_40' title="bbox 0 0 1635 5158; baseline 0 0"><span class='ocrx_word' id='word_1_349' title='bbox 0 0 1635 5158; x_wconf 95' lang='lat' dir='ltr'> </span> 
     </span>
    </p>
   </div>
  </div>
 </body>
</html>
