3284 5158
721 404 763 414 w
808 372 868 434 164
914 403 950 412 -

361 541 397 599 Ρ.
408 549 443 602 33
454 559 522 620 sqq.
539 539 579 598 ad
593 540 721 598 iuvenes
737 537 901 599 Acontium
916 547 1069 599 sectantes
1085 539 1246 619 spectabat
1260 540 1391 601 fortasse

242 703 245 709 ,
277 642 335 720 irg.
360 651 424 704 148:

627 757 769 834 φοινίξειν
790 746 902 834 ἀγαθοὶ
924 749 1066 829 πολλάκις
1080 745 1190 834 ἧϊθεοί.

361 945 397 1004 Ρ.
420 953 452 1007 41
483 967 513 1004 n.
537 954 554 1005 2
588 946 726 1005 consulto
761 946 847 1005 omisi
875 965 1044 1005 memorare
1076 946 1202 1024 longac'
1217 947 1332 1006 vocalis
1358 948 1391 1007 in

278 1048 376 1106 altera
396 1047 582 1124 pentametri
604 1055 694 1127 parte
717 1047 878 1107 elisionem
901 1067 952 1126 ep.
967 1047 1033 1105 XX
1050 1055 1100 1111 178
1115 1046 1152 1107 ab
1169 1045 1283 1108 Ovidio
1298 1049 1392 1127 plane

277 1150 412 1208 alienam
441 1147 493 1226 (cf.
522 1148 705 1209 Muellerum
734 1147 772 1206 de
800 1168 834 1207 re
862 1156 949 1207 metr.
977 1168 1009 1227 p.
1032 1149 1068 1208 L.
1097 1168 1128 1228 p.
1150 1145 1226 1225 300).
1270 1169 1309 1228 err
1335 1149 1393 1208 hac

279 1249 360 1309 enim
382 1258 415 1310 ut
437 1249 653 1309 concluderem
674 1259 770 1309 totam
793 1249 957 1328 epistulam
979 1247 1017 1307 ab
1034 1247 1148 1310 Ovidio
1169 1251 1314 1329 scriptam
1329 1271 1393 1310 non

278 1371 346 1410 esse
373 1350 444 1410 ideo
475 1352 574 1411 minus
601 1359 698 1411 tutum
724 1350 902 1424 videbatur,
938 1350 1083 1430 quoniam
1110 1339 1164 1410 illc
1189 1352 1258 1431 ipse
1286 1371 1393 1412 versus

277 1447 366 1512 simul
393 1473 460 1512 cum
486 1453 598 1512 vicinis
626 1453 753 1512 aliunde
775 1453 911 1531 graviter
932 1457 1092 1531 suspectus
1116 1460 1171 1513 est.
1207 1453 1393 1512 ratiunculas

278 1555 336 1614 etsi
364 1554 445 1631 bene
472 1554 615 1614 cordatus
642 1554 740 1613 lector
767 1573 834 1612 cum
856 1553 906 1612 hic
927 1562 991 1614 tum
1012 1553 1045 1611 in
1069 1554 1179 1614 ceteris
1202 1574 1278 1634 quas
1300 1555 1394 1614 statui

276 1656 566 1736 interpolationibus
600 1657 758 1736 plerisque
791 1654 850 1714 sibi
877 1655 945 1734 ipse
973 1655 1057 1714 facili
1086 1656 1212 1733 negotio
1239 1663 1392 1739 suggeret,

276 1766 381 1817 tamen
403 1778 496 1838 spero
525 1759 593 1818 fore
615 1767 649 1818 ut
671 1758 747 1816 alias
770 1759 947 1817 universam
971 1777 1038 1816 cam
1059 1757 1217 1817 materiem
1241 1747 1393 1837 explicate

276 1867 472 1940 pertractem.
510 1852 645 1920 ceterum
666 1859 777 1920 Lehrsi
805 1857 975 1918 observatis
998 1860 1030 1918 in
1052 1858 1252 1934 Fleckeiseni
1274 1860 1394 1918 annali-

276 1961 334 2022 bus
355 1968 390 2026 87
413 1984 444 2042 p.
467 1971 502 2025 te
517 1981 586 2043 sqq.
616 1962 828 2042 quaestionem
856 1980 936 2040 quae
966 1959 1092 2040 quidem
1119 1968 1167 2020 est
1195 1959 1235 2020 de
1263 1960 1393 2020 diversis
1502 2033 1505 2044 y

278 2065 476 2143 epistularum
492 2063 715 2124 Ovidianarum
737 2061 910 2122 auctoribus
934 2083 998 2122 non
1014 2063 1103 2122 nimis
1119 2062 1292 2142 promoveri
1309 2069 1393 2142 puto.

361 2191 397 2249 P.
414 2198 494 2252 4311.
511 2199 525 2250 l
548 2189 697 2286 addenda
720 2198 785 2249 erat
806 2190 1057 2268 Polyphonte
1080 2209 1120 2268 cr
1134 2188 1251 2250 Anton.
1267 2188 1336 2248 Lib.
1350 2194 1393 2248 2¹.

362 2317 398 2376 P.
423 2328 456 2379 55
478 2316 531 2377 ubi
555 2316 648 2396 citavi
672 2336 721 2396 ep.
738 2316 820 2376 XXI
842 2325 893 2378 103
913 2315 995 2375 hanc
1017 2317 1127 2395 supple
1150 2315 1395 2377 adnotationem:

277 2420 382 2499 itaque
411 2426 494 2479 recte
518 2402 694 2478 observavit
715 2419 880 2492 Heinsius,
913 2417 995 2476 hunc
1016 2417 1117 2496 ipsum
1140 2417 1178 2477 cb
1200 2418 1300 2477 locum
1321 2418 1396 2478 ferri

278 2541 342 2580 non
364 2541 457 2600 posse
479 2522 635 2598 vulgatam
657 2520 836 2599 scripturam
858 2519 924 2579 XX
946 2527 998 2580 204
1018 2536 1104 2577 sacra
1120 2521 1309 2594 pharetratae
1330 2522 1394 2578 dum

275 2624 350 2698 facis
371 2627 433 2698 ipra
455 2625 537 2693 deae,
567 2624 600 2682 in
624 2622 733 2703 quibus
757 2622 849 2681 etiam
870 2625 932 2696 ἰρεα
954 2619 1134 2680 nonhabet
1157 2641 1217 2701 quo
1240 2631 1324 2682 recte
1346 2642 1395 2681 re-

277 2725 403 2785 feratur.
446 2744 505 2784 nec
538 2724 635 2803 magis
664 2723 870 2784 Heinsianum
900 2725 964 2782 dum
990 2724 1065 2797 facis
1091 2727 1161 2781 aeda
1192 2727 1261 2782 dece
1292 2731 1396 2802 potest

278 2825 417 2906 probari,
447 2826 504 2886 sed
532 2835 606 2906 apta
633 2827 723 2886 unice
747 2823 986 2905 Guelferbytani
1014 2824 1097 2883 tertii
1124 2825 1274 2904 scriptura
1295 2825 1396 2883 iama

277 2930 453 2988 Burmanno
478 2927 690 2987 commendata
712 2931 776 2986 dum
795 2929 869 3002 facit
887 2930 949 3000 ipsa
971 2927 1049 2986 deae.

361 3056 398 3114 P.
420 3063 455 3118 68
477 3076 542 3114 non
566 3053 718 3115 debebam
746 3055 841 3113 citare
868 3062 1024 3133 tamquam
1051 3051 1179 3132 probum
1201 3071 1322 3112 versum
1345 3072 1394 3130 ep.

277 3157 343 3218 XX
363 3163 407 3230 97,
433 3177 524 3237 quem
552 3175 621 3217 esse
650 3157 870 3237 interpolatum
897 3154 1060 3235 postmodo
1088 3154 1155 3216 vidi
1181 3151 1267 3213 et‘in
1288 3174 1396 3213 recen-

279 3261 367 3320 sione
390 3260 543 3339 epistulae
565 3259 746 3338 significavi.

362 3388 398 3446 P.
422 3395 456 3450 69
485 3386 525 3445 de
556 3406 605 3464 ep.
628 3385 694 3444 XX
715 3404 746 3443 v.
769 3394 803 3445 20
831 3384 982 3462 scriptura
1011 3382 1085 3462 qnid
1114 3381 1259 3443 sentirem
1289 3381 1395 3461 aperui

278 3489 310 3546 in
334 3487 489 3547 adnotatis
513 3485 605 3544 adh.
628 3506 658 3544 v.
681 3517 723 3528 —-
746 3484 785 3543 de
808 3485 958 3563 prodigiis
982 3485 1116 3564 quaein
1139 3484 1246 3544 statuis
1271 3484 1396 3543 deorum

279 3589 360 3648 facta
384 3607 452 3648 esse
475 3595 638 3646 narrantur
662 3585 830 3664 disputavit
843 3585 1056 3645 Boetticherus
1071 3585 1231 3647 Tektonilr
1246 3586 1281 3645 II
1296 3606 1327 3665 p.
1346 3593 1396 3646 122

279 3699 310 3750 et
331 3712 362 3770 p.
381 3697 431 3752 126
446 3709 492 3769 sq.

362 3819 397 3876 P.
413 3825 448 3879 74
463 3837 531 3895 sqq.
569 3815 701 3876 Acontio
725 3817 757 3874 iu
781 3816 866 3875 silvis
890 3815 1032 3895 querenti
1054 3823 1128 3894 puto
1152 3816 1274 3895 picum
1296 3813 1394 3875 felicis

279 3927 408 3978 eventus
432 3919 590 3995 augurium
612 3917 745 3977 oblatum
769 3937 846 3978 esse.
875 3936 947 3975 nam
974 3917 1033 3975 huc
1060 3916 1261 3995 probabiliter
1287 3915 1395 3976 referri

182 4025 186 4032 '
278 4029 382 4101 potest
405 4019 583 4080 Callimachi
606 4019 664 4096 frg.
691 4027 755 4082 173:
779 4031 780 4034 ’

778 4176 794 4244 ὁ
818 4176 845 4244 d'
870 4175 956 4262 ἠλεὸς
980 4173 1047 4245 οὐδ’
1072 4181 1119 4245 ἐπὶ
1143 4184 1245 4262 σίντην

580 4285 704 4367 βλέψας·
1159 4299 1161 4306 “
