3284 5158
756 429 968 494 ..96-

257 637 262 648 ·
306 599 335 674 ἐς
357 590 389 662 τύ
416 605 519 661 κοῖλον
526 643 535 680 ,
564 589 605 660 ἵν’
637 582 709 661 ὦσιν
736 600 772 660 αἱ
795 605 888 680 χεῖρες
916 592 1068 679 ξύμφωνοι
1096 593 1295 679 πληιιύμεναι
1321 595 1421 684 ιρύιιιμ

306 697 477 782 κυμβάλων.
524 713 555 766 et
584 725 621 764 aa
649 725 729 785 quae
757 704 952 783 subiungitur
978 705 1135 766 sententia
1164 725 1180 764 e
1208 705 1421 784 Xenophonte

304 807 386 886 Eph.
409 808 427 866 I
447 815 474 881 8,
499 818 512 870 l
536 815 657 886 sumpta
680 815 742 867 est:
772 799 933 885 βραδύνειν
964 801 996 864 δὲ
1017 799 1115 864 πάντα
1138 799 1233 864 ἐδόκει
1252 796 1422 887 Ἀβροκόμη

304 904 356 966 καὶ
375 895 509 990 Ἀνθείρι
550 909 650 974 nihilo
672 910 767 970 setius
788 908 956 988 hymenaei
977 909 1166 969 mentionem
1189 928 1207 968 e
1230 907 1419 968 Callimacho

305 1010 436 1071 arbitror
466 1010 649 1070 translatam
680 997 827 1090 rectoque
860 1011 952 1072 etiam
983 1011 1051 1072 loco
1082 1012 1239 1072 insertam.
1288 1028 1421 1089 namque

306 1131 375 1171 eam
410 1111 542 1172 vidimus
577 1114 729 1172 rationem
766 1131 834 1172 esse
870 1113 1109 1192 paraphrastes,
1152 1134 1216 1172 non
1252 1120 1286 1171 ut
1321 1130 1422 1170 rerum

305 1222 461 1274 momenta
488 1215 704 1294 interponeret
732 1233 829 1288 nova,
859 1212 972 1274 redut
998 1215 1120 1292 singula
1148 1213 1329 1274 Callimachi
1353 1212 1422 1271 loca

307 1316 435 1376 aliorum
457 1317 588 1376 maxime
611 1316 799 1376 commentis
815 1325 995 1390 exornaret,
1019 1325 1110 1396 prout
1132 1317 1187 1382 illa
1209 1313 1422 1395 suppeditaret

305 1418 459 1476 memoria.
506 1426 536 1476 et
551 1417 679 1492 accedit,
704 1417 788 1497 quod
802 1419 871 1497 ipsc
893 1417 1015 1478 fabulae
1030 1419 1093 1477 fine
1107 1418 1166 1478 hoc
1182 1415 1315 1497 quodam
1329 1414 1421 1474 modo

306 1519 529 1592 continebatur,
553 1528 587 1579 ut
608 1520 773 1580 sollemnes
796 1521 973 1599 nuptiarum
995 1520 1195 1580 caerimonias
1219 1519 1310 1578 docta
1333 1537 1421 1577 enar·

305 1622 425 1680 ratione
454 1629 548 1700 poeta
576 1622 752 1700 attingeret.
798 1641 893 1701 quare
921 1643 985 1682 non
1016 1620 1136 1696 dubito,
1169 1622 1244 1702 quin
1273 1639 1341 1680 eum
1367 1619 1421 1677 ille

240 1787 248 1800 ,
306 1724 548 1782 commemorarit
568 1723 787 1802 hymenaeum,
818 1724 871 1802 qui
893 1744 950 1802 per
971 1744 1116 1803 pompam
1137 1722 1332 1790 cantabatur,
1361 1739 1423 1800 qua

306 1843 394 1883 curru
421 1824 536 1884 sedens
565 1845 681 1905 sponsa
707 1825 741 1883 in
771 1825 890 1902 domum
914 1824 1125 1885 deducebatur
1152 1825 1244 1884 futuri
1272 1823 1382 1883 mariti.
1396 1819 1421 1900 ¹)

306 1934 411 1985 notum
426 1927 536 2006 cuique
550 1927 609 1987 hoc
630 1915 789 2004 ἁρμάτειον
810 1922 896 2002 μέλος
913 1946 930 1986 e
946 1926 1089 1986 clausulis
1111 1928 1219 2006 pacis
1242 1934 1273 1985 et
1295 1925 1422 1984 avium

305 2028 532 2108 Aristophanis.
578 2027 804 2108 quodquidam
827 2048 923 2088 canae
939 2049 1007 2090 esse
1028 2048 1063 2088 ac
1085 2027 1245 2088 fabulosae
1260 2027 1421 2088 vetustatis

308 2127 421 2189 docent
435 2131 588 2190 Homerus
611 2133 642 2188 Σ
652 2138 701 2192 491
719 2150 787 2210 sqq.
812 2138 843 2189 et
857 2129 1014 2190 Hesiodus
1037 2138 1112 2190 scut.
1132 2139 1185 2194 273
1200 2124 1297 2210 sqq.¹)
1328 2137 1421 2208 atque

306 2229 419 2290 hocin
443 2239 654 2308 argumentum
676 2241 807 2311 apparet
830 2232 954 2309 egregie
977 2234 1143 2292 convenire
1160 2231 1340 2292 Callimachi
1362 2230 1421 2308 lrg.

306 2341 359 2394 210
381 2353 399 2391 a
420 2333 607 2393 Buttmanno
636 2333 656 2392 l.
681 2353 706 2392 c.
730 2353 761 2412 p.
785 2339 835 2394 127
858 2352 905 2412 sq.
933 2331 974 2392 ad
1004 2335 1118 2393 exitum
1141 2332 1306 2413 Cydippae
1335 2352 1420 2410 pom-

306 2454 440 2514 pamque
473 2435 642 2514 nuptialem
673 2435 817 2509 relatum,
856 2434 938 2514 quod
971 2434 1064 2494 habet
1096 2435 1348 2514 scholiographus
1381 2431 1422 2492 ad

307 2535 403 2616 Sopb.
419 2536 526 2615 Antig.
550 2545 616 2600 6⁸29:
643 2528 772 2608 τάλιδος]
801 2536 883 2607 salig
905 2532 1016 2614 λέγεται
1037 2524 1108 2616 παρ’
1131 2533 1291 2596 Αἰολεῦσιν
1312 2524 1332 2611 ἡ
1354 2525 1421 2592 ὀνο-

306 2629 454 2714 μασθεῖσύ
474 2659 534 2696 τινι
556 2627 671 2715 νύμφη.
715 2637 901 2715 Καλλίμαχος

248 2820 291 2862 xv
507 2781 613 2850 adriae
635 2779 691 2866 την
713 2790 799 2849 roilas
820 2786 906 2850 παιᾶὶ
928 2781 984 2850 σύν
1006 2782 1181 2868 ύμφιθαλεῖ.

305 2942 390 3004 unde
407 2943 522 3004 Suidae
545 2943 644 3003 editor
658 2943 904 3004 Mediolanensis
926 2944 1061 3022 glossam
1083 2964 1163 3029 quae
1187 2951 1273 3004 ests.
1288 2963 1318 3003 v.
1340 2941 1421 3014 τᾶλις

304 3047 410 3106 invitis
434 3044 589 3106 codicibus
611 3045 711 3106 lexico
733 3047 872 3106 inseruit.

389 3166 485 3225 Moris
508 3174 609 3224 autem
632 3174 697 3226 erat
711 3165 815 3240 Attici,
838 3174 872 3225 ut
893 3185 970 3245 puer
992 3166 1140 3245 patrimus
1162 3165 1316 3225 matrimus
1340 3165 1422 3244 (παῖς

303 3257 493 3344 approach)
529 3269 582 3347 qui
613 3267 766 3328 diceretur
798 3258 927 3344 πάροχος
958 3267 1010 3326 vel
1038 3263 1248 3343 παραναμφίος
1275 3287 1421 3348 sponsam

306 3366 416 3448 (τᾶλιν)
445 3370 478 3427 in
498 3385 621 3449 ‘pompa
649 3389 750 3428 comes
779 3367 957 3428 deduceret.
992 3368 1031 3428 cf.
1055 3368 1169 3429 Zenob.
1193 3389 1281 3448 prov.
1303 3357 1355 3429 III
1376 3379 1420 3442 98,

304 3468 463 3549 Aristoph.
493 3490 542 3529 av.
566 3477 643 3533 1⁷3⁷.
687 3470 879 3548 Hesychius:
907 3469 1003 3540 τᾶλις·
1025 3459 1045 3546 ἡ
1066 3462 1248 3548 μελλύμαμος
1269 3467 1421 3547 παρθένος

305 3567 355 3628 καὶ
378 3566 630 3648 κατωνομασμένη
652 3569 726 3640 τινί,
754 3569 786 3628 οἱ
805 3566 836 3630 δὲ
858 3575 987 3650 γυναῖκα
1007 3564 1154 3650 γαμετήν,
1182 3570 1215 3630 οἱ
1233 3567 1265 3631 δὲ
1286 3564 1420 3649 νύμφην.

306 3693 397 3753 quam
430 3683 518 3734 notat
545 3693 654 3734 vocem
686 3675 768 3734 inter
796 3674 873 3734 alias
900 3675 1044 3735 Aeolicas
1074 3674 1183 3755 quibus
1215 3673 1419 3735 Callimachus

303 3796 376 3836 risus
401 3785 448 3835 est
469 3776 646 3837 Meinehius
670 3775 789 3836 Callim.
813 3797 844 3856 p.
868 3785 928 3841 201.
1266 3771 1268 3776 ¹

388 3895 510 3956 Eodem
531 3897 598 3956 loco
621 3895 822 3956 inserendum
843 3896 980 3975 suspicor
996 3855 1175 3957 Callimachi
1196 3897 1255 3975 frg.
1270 3901 1320 3959 461
1342 3897 1418 3957 Ern.

305 3997 389 4077 quod
418 4017 457 4057 ex
478 3998 629 4076 Apolloni
655 3996 733 4057 libro
761 4018 854 4058 manu
881 3999 995 4078 scripto
1024 3997 1061 4058 ab
1083 3999 1318 4059 Hemsterhusio
1347 3999 1420 4058 olim

304 4109 351 4160 est
373 4105 569 4179 protractum,
593 4118 676 4157 nunc
696 4107 798 4159 autem
821 4100 932 4177 legitur
953 4097 987 4159 in
1001 4099 1139 4162 Behkeri
1154 4100 1286 4160 anecdd.
1304 4121 1335 4180 p.
1351 4107 1419 4162 567:

372 4386 393 4452 ¹)
413 4385 454 4438 cf.
473 4385 645 4451 Koechlyum
663 4383 681 4437 l.
700 4401 725 4436 c.
744 4386 758 4436 Ῑ
776 4402 802 4452 p.
822 4387 880 4439 192.
