3254 5158
717 478 929 544 ..70-

415 661 466 717 sed
487 664 578 718 molas
598 661 642 715 itte
661 674 742 730 perer,
765 672 844 731 quem
866 672 917 712 nec
937 673 989 712 sua
1007 659 1120 728 flectere
1141 661 1233 710 muter

416 767 520 820 iratum
540 764 646 833 potent,
668 775 748 834 quem
769 774 821 815 nec
839 765 923 831 puter
944 763 1029 831 atque
1049 773 1118 813 αοοιε
1139 757 1209 812 idem

417 867 528 935 Iupiter
548 895 591 905 —
611 865 656 919 itte
677 864 760 917 etiam
782 861 890 918 Poenos
911 861 1047 916 domr'tare
1068 861 1167 924 leones,

417 972 443 1021 et
467 966 572 1022 validus
594 965 686 1020 docuit
707 965 780 1020 uires
800 977 996 1018 mansuescere
1019 963 1113 1035 ttprr's,

416 1069 461 1123 ille
483 1069 566 1122 etium
588 1066 678 1131 divos,
701 1065 823 1121 homines
847 1095 885 1104 —
907 1065 958 1119 sed
979 1064 1070 1118 dicere
1092 1079 1223 1135 acapnum
1245 1068 1300 1129 est,

417 1170 487 1224 idem
511 1173 567 1223 tum
591 1169 687 1222 tristes
708 1167 825 1222 acuebat
843 1166 981 1237 parvulus
1002 1166 1071 1220 irus·

268 1276 298 1326 et
320 1268 412 1326 eliam
435 1267 499 1326 eius
522 1266 646 1344 generis
663 1265 863 1344 aposiopesin
880 1284 1049 1343 agnoscere
1065 1264 1139 1323 mihi
1153 1263 1264 1322 videor
1279 1263 1383 1322 obscu-

266 1377 363 1428 ratam
384 1369 471 1427 initio
487 1367 684 1446 Apuleianae
707 1365 830 1426 fabulae
854 1366 893 1425 de
909 1367 1050 1445 Psychae
1071 1375 1102 1424 et
1118 1364 1281 1444 Cupidinis
1305 1385 1385 1430 amo:

266 1468 348 1529 ribus
373 1469 456 1548 (met.
481 1471 526 1530 IV
548 1466 612 1546 28):
649 1472 699 1525 sed
719 1473 837 1526 maiores
864 1472 970 1542 quidem
992 1476 1059 1526 nutu
1080 1471 1206 1542 quermois
1225 1472 1386 1542 protasias

265 1574 372 1646 specie,
399 1574 495 1630 idonee
518 1577 611 1628 tamen
634 1571 771 1628 celebrari
791 1586 876 1643 posse
897 1572 1022 1628 laudibus
1043 1559 1171 1627 humenis
1193 1571 1386 1640 credebantur,

266 1679 297 1730 ct
311 1690 377 1731 vero
385 1676 499 1748 paellae
513 1675 628 1730 tantoris
648 1679 713 1728 tam
724 1676 898 1745 praecipua,
920 1681 988 1730 tam
1005 1676 1156 1746 praeclaro
1170 1674 1330 1744 preteritudo
1345 1706 1386 1714 -

266 1791 317 1832 nec
328 1778 450 1848 exprimi
459 1791 494 1830 cc
504 1790 539 1830 ne
553 1773 729 1847 sufficienter
743 1777 853 1847 quidem
868 1775 983 1831 lusrrlurt
994 1777 1131 1832 sermonis
1145 1776 1260 1830 hermoni
1267 1778 1387 1847 penuria

263 1884 384 1951 poterut.
396 1908 439 1917 -
454 1875 577 1932 ‘amoris
600 1874 716 1934 undae’
740 1876 800 1933 iam
823 1876 855 1933 in
871 1874 1000 1934 Pindari
1017 1884 1090 1935 sunt
1104 1876 1276 1952 fragmento
1295 1885 1353 1948 100,
1370 1885 1388 1938 3

266 1977 346 2056 ng.
369 1965 403 2046 ὃς
424 1969 465 2052 μὴ
487 1967 576 2056 πόθῳ
599 1975 784 2051 κυμαίνεται.
828 1976 959 2054 plurima
987 1996 1061 2035 vero
1091 1975 1231 2036 eiusdem
1258 1975 1386 2034 transle-

267 2079 361 2138 tionis
384 2086 456 2138 sunt
479 2077 622 2156 exempla
643 2077 676 2135 in
700 2077 832 2136 eroticis.
863 2077 900 2134 cf.
923 2075 1101 2137 Iakobsium
1123 2077 1164 2136 ad
1186 2076 1298 2137 Achill.
1315 2079 1387 2136 Tac.

268 2181 315 2241 16
331 2199 362 2256 p.
381 2188 421 2252 10,
444 2185 487 2252 32,
512 2177 725 2237 Heinrichium
748 2176 788 2235 ed
805 2178 884 2236 Mus.
900 2185 962 2251 332,
985 2178 1144 2264 Burthium
1166 2179 1207 2238 ad
1224 2178 1386 2239 Claudiam

267 2280 301 2338 in
323 2280 532 2340 Rufin.11m
565 2299 692 2359 quorum
716 2279 865 2358 exemplis
888 2299 952 2337 non
974 2279 1034 2338 nisi
1056 2300 1150 2340 unum
1173 2279 1254 2339 addo
1277 2289 1311 2340 ut
1331 2281 1389 2338 hac

270 2380 393 2461 quidem
414 2381 447 2438 in
470 2402 503 2440 re
526 2380 636 2440 ceteris
659 2381 803 2458 gravius,
826 2381 933 2440 Nonni
955 2381 1050 2441 Dion.
1072 2383 1165 2441 XLII
1187 2391 1222 2444 58
1243 2403 1308 2462 sq.‚
1335 2381 1388 2441 ubi

270 2481 310 2541 de
332 2482 452 2542 Baccho
475 2483 607 2542 Beroam
630 2481 822 2561 depereunte
844 2482 921 2542 haec
944 2481 1102 2542 dicuntur:
1308 2466 1312 2472 ¹

442 2578 493 2641 καὶ
516 2575 587 2642 νόον
610 2573 787 2660 ἀστήρικτοι)
811 2572 926 2659 ὁμοίιον
949 2575 1005 2659 εἶχε
1028 2576 1181 2665 θαλάσσῃ,

442 2676 555 2760 κύμασι
576 2677 767 2759 παφλάζοντα
788 2683 1020 2761 πολυφλοίσβοιο
1041 2683 1194 2761 μερίμνης.

270 2783 380 2845 eadem
402 2806 475 2846 vero
497 2787 532 2846 in
555 2786 765 2866 descriptione
787 2788 848 2847 iam
871 2787 955 2847 aliud
978 2795 1071 2846 antea
1092 2789 1195 2847 lumen
1213 2787 1386 2868 deprehen·

270 2887 368 2947 dimus
392 2887 557 2968 Cydippae
580 2898 761 2968 surreptum.
857 2903 866 2924 ⁶

353 2992 420 3048 Iam
443 2990 592 3069 deinceps
615 2999 778 3050 narrantur
807 2989 1031 3050 adulescentuli
1054 2991 1222 3050 miserendi
1244 2993 1386 3052 lacrimae

269 3099 452 3164 nocturnae,
483 3090 647 3152 tabescens
667 3113 807 3171 corpus,
843 3092 923 3152 oculi
950 3092 1094 3166 marcidi,
1130 3094 1163 3152 in
1191 3093 1388 3152 solitudinem

270 3212 422 3266 secessus,
445 3213 549 3252 secum
570 3193 667 3252 habiti
689 3213 861 3268 sermones,
893 3194 937 3252 nil
960 3193 1096 3273 denique
1120 3214 1224 3254 eorum
1246 3196 1388 3254 omissum

270 3294 364 3353 fuisse
387 3294 541 3368 videmus,
566 3297 701 3374 quaein
725 3295 895 3355 amantibus
919 3315 1154 3357 commemorare
1176 3296 1270 3374 vulgo
1287 3297 1389 3356 solent

270 3395 393 3454 serioris
416 3396 525 3454 aetatis
549 3397 656 3455 cretici
677 3405 811 3456 veteres.
843 3405 874 3456 et
895 3418 958 3457 nox
981 3417 1041 3477 quo
1061 3396 1152 3458 modo
1168 3406 1257 3456 acuat
1273 3397 1387 3457 doloris

270 3495 407 3554 stimulos
437 3503 467 3554 et
500 3497 667 3554 amantium
693 3497 824 3556 maxime
858 3508 971 3576 augeat
1003 3501 1166 3573 cruciatus,
1200 3499 1226 3558 is
1255 3500 1388 3558 omnium

270 3597 436 3656 communis
465 3597 559 3657 locus.
603 3597 698 3677 Prop.
721 3599 768 3658 IV
799 3606 840 3674 lt,
870 3610 917 3662 ll:
952 3617 1062 3676 semper
1094 3605 1166 3660 enim
1199 3618 1301 3661 vacuos
1331 3620 1389 3660 nox

269 3700 361 3756 sobria
383 3705 492 3774 torquet
513 3707 651 3770 amantes,
677 3694 682 3778 Ι
706 3717 823 3775 spesque
849 3705 983 3777 timorque
1011 3706 1133 3761 enimam
1156 3709 1250 3762 versut
1270 3710 1389 3778 atroque

271 3803 357 3858 modo.
382 3800 421 3859 cf.
445 3801 503 3862 Ov.
527 3809 597 3862 met.
621 3802 703 3882 VIII
724 3809 756 3862 81
781 3822 828 3882 sq.
872 3803 1011 3864 Achilles
1035 3806 1105 3864 Tat.
1129 3807 1144 3864 I
1166 3814 1183 3868 0
1204 3805 1299 3863 multa
1321 3804 1387 3883 phi·

269 3901 464 3981 losophatur,
494 3923 546 3963 cur
572 3912 665 3963 noctu
694 3905 791 3964 acrius
819 3905 993 3964 'crucientur
1021 3914 1174 3981 amantes,
1206 3925 1285 3986 quae
1308 3905 1388 3965 deri·

271 4011 343 4061 vata
371 4011 441 4062 sunt
470 4024 509 4063 ex
530 4003 700 4065 Heliodoro
724 4007 780 4068 Ie
807 4005 874 4065 init.
903 4006 951 4065 cll.
974 4007 1025 4066 ΠΙ
1049 4016 1091 4068 15.
1135 4009 1266 4068 Nonnus
1292 4008 1387 4067 Dion.

270 4104 421 4164 XXXIII
442 4113 495 4168 263
516 4125 584 4186 sqq.
608 4106 648 4166 de
671 4107 830 4167 Morrheo:

766 4207 974 4291 πολοφλοίσβῳ
997 4205 1028 4269 δὲ
1049 4209 1178 4292 μερίμνμ

422 4299 527 4384 τήκετο
549 4305 742 4384 Χολκομὲδης
764 4306 962 4387 μεμνημένος·
985 4307 1018 4370 ἐν
1039 4303 1096 4392 γὰρ
1117 4301 1223 4396 ὁμίχλῃ

422 4400 597 4489 θερμότεροι
618 4403 761 4489 γεγάασιν
782 4405 829 4470 ἀεὶ
852 4412 1019 4492 σπινθῆρες
1041 4405 1166 4492 ἐρώτων.
