3284 5158
672 414 882 481 -99...

218 589 420 669 prudentiore
444 598 587 667 ageretur
609 591 773 668 scriptore,
802 590 975 650 conicerem
1004 585 1070 667 ἐμοί
1091 590 1273 666 delendum,
1304 601 1337 652 ut

219 691 259 751 ad
282 683 442 767 σύμψηφοι
464 689 679 750 subaudiretur
700 680 789 772 αὐτῷ.

303 809 421 887 Quibus
446 809 583 889 denique
612 809 829 869 Aristaenetus
851 811 944 869 finem
972 811 1046 870 facit
1074 814 1274 886 narrationis,
1304 814 1337 873 in

219 911 263 970 eis
289 911 322 970 ni
343 911 434 970 fallor
456 911 570 970 iudicio
594 912 667 970 satis
691 912 757 970 fere
778 909 913 972 fideliter
935 921 1029 992 atque
1053 914 1248 974 continenter
1264 916 1336 993 egit.

192 1019 195 1025 '
219 1012 260 1072 ad
282 1012 417 1072 fabulam
440 1022 513 1092 apta
537 1013 639 1072 omnia
662 1033 765 1093 neque
783 1013 945 1093 quicquam
962 1013 1147 1075 Callimacho
1163 1015 1336 1093 indignum.

219 1115 344 1174 strictae
366 1121 469 1172 tamen
492 1115 690 1198 paraphrasis
712 1115 789 1174 fines
812 1116 963 1174 nonnulla
992 1117 1197 1190 excesserint,
1228 1116 1337 1197 quibus

218 1215 323 1274 rhetor
352 1235 462 1293 urgere
489 1215 633 1276 videatur
661 1216 801 1276 acumina
830 1215 1047 1278 Callimacbea.
1093 1219 1119 1277 si
1142 1217 1268 1298 quidem
1289 1220 1337 1278 his

217 1324 391 1395 poteramus
421 1336 525 1376 carere
553 1312 604 1375 καὶ
632 1313 769 1394 παρέχειν
796 1307 829 1376 ti
858 1317 922 1392 φῶς
949 1311 1015 1393 μετ’
1037 1307 1161 1389 εὐωδίας
1185 1328 1215 1379 et
1236 1318 1336 1377 τοσοῦ-

152 1492 154 1494 ,
217 1403 310 1492 ronti
340 1408 429 1493 φύσις
451 1406 624 1495 ἁπανταχοῦ
651 1406 684 1477 τὸ
713 1408 848 1497 λαμπρὰν
875 1406 967 1494 αὐτῆς
989 1413 1199 1498 ἒκορνφιόσατο
1221 1418 1337 1491 κάλλος.

218 1520 314 1579 verba
337 1527 438 1581 autem
460 1509 551 1578 κάλοι
574 1519 675 1578 τοίνυν
698 1541 726 1581 e.
750 1541 779 1601 q.
802 1542 827 1581 s.
862 1523 1049 1582 sententiam
1072 1503 1338 1601 comprehendunt

220 1642 324 1681 earum
347 1623 531 1682 simillimam
558 1622 697 1696 laudum,
733 1643 814 1703 quae
843 1623 1112 1702 epithalamiis
1136 1622 1337 1682 contineban-

218 1732 278 1783 tur.
324 1725 362 1783 cf.
386 1724 518 1784 Theocr.
540 1725 655 1785 XVIII
677 1732 711 1786 26
733 1744 802 1805 sqq.

369 1834 476 1900 πότνια
499 1832 553 1914 νύξ
574 1829 623 1900 lire
645 1831 752 1901 λευκὸν
774 1838 826 1921 ἔαρ
849 1841 991 1920 χειμῶνος
1012 1832 1152 1918 ἀνέντος,

366 1935 442 2015 ’Λαὶς
463 1931 635 2003 auriliacus
658 1932 751 2003 καλὸν
774 1940 909 2019 διέφαινε
931 1936 1106 2022 πρόσοικον,

344 2059 346 2066 “
371 2028 428 2104 ὦδε
450 2042 501 2104 καὶ
524 2035 543 2103 cl
566 2042 673 2125 χρυσέα
690 2031 794 2105 Ἑλένα
818 2036 984 2121 διαφαίνει’
1009 2042 1041 2104 ἐν
1063 2033 1136 2123 cipio
1150 2043 1184 2125 ¹).

219 2180 340 2241 Seneca
361 2182 444 2242 Med.
468 2191 502 2245 92
524 2202 593 2262 sqq.

463 2302 533 2358 baec
556 2319 617 2359 cum
637 2302 758 2375 femineo
781 2305 905 2359 cusnitit
924 2305 953 2358 in
976 2303 1075 2372 choro,

463 2407 545 2460 unius
564 2403 656 2476 facies
673 2407 817 2476 praenitet
839 2404 971 2460 omnibus.

462 2507 502 2560 eie
523 2521 585 2561 eum
607 2506 663 2562 sole
680 2508 757 2577 perit
774 2507 900 2562 sidereas
922 2507 1021 2574 decor,

464 2611 490 2662 et
514 2607 593 2662 densi
612 2607 725 2662 latitant
746 2607 891 2662 Pleiadum
911 2621 1023 2678 ρνοροε,

462 2723 524 2764 eum
546 2708 656 2764 Phoebe
676 2707 792 2763 solidum
814 2709 915 2762 lumine
936 2724 992 2762 non
1013 2721 1063 2762 suo

463 2810 556 2865 orbem
578 2810 703 2864 arcariis
724 2809 853 2864 cornibus
875 2809 981 2879 allipat.

220 2919 374 3002 Himerius
402 2950 478 3001 orat.
506 2943 523 3000 Ι
551 2953 599 3006 15:
636 2930 653 2999 ὃ
682 2935 736 3017 μὲν
763 2927 878 3015 ἠιθέων
907 2939 1034 3017 πρῶτος,
1067 2928 1087 3014 ἡ
1116 2937 1148 3000 δὲ
1176 2935 1208 2998 ἒν
1235 2933 1340 3017 κόραις

220 3038 421 3119 προκέκριται.
447 3117 449 3121 ,
471 3041 555 3103 unde
590 3061 698 3123 posses
727 3043 892 3121 suspicari,
928 3040 1149 3102 Callimachum
1181 3042 1339 3100 nonnullis

220 3143 358 3204 versibus
375 3145 508 3224 aliquam
525 3145 703 3223 epithalami
718 3145 883 3222 imaginem
900 3142 1056 3202 effinxisse
1064 3138 1100 3220 ²),
1125 3144 1158 3201 ni
1178 3164 1196 3202 a
1210 3143 1339 3204 Deliaco

220 3246 395 3325 nuptiarum
417 3248 477 3307 ritu
499 3246 575 3306 illud
600 3248 724 3306 omnino
747 3245 906 3304 videretur
927 3245 1061 3303 alienum
1086 3244 1191 3304 luisse.
1225 3244 1264 3303 ad
1289 3265 1339 3304 ex·

220 3354 347 3406 tremum
375 3368 439 3407 non
461 3348 588 3407 firmiter
611 3346 755 3427 equidem
775 3345 897 3405 conlido
917 3347 970 3404 illa
984 3345 1097 3405 Aconti
1114 3345 1340 3426 Cydippaeque

223 3469 289 3508 cum
319 3451 409 3509 astris
438 3450 683 3528 comparatione,
720 3467 798 3528 quae
831 3449 935 3508 nescio
968 3468 1027 3527 quo
1061 3447 1153 3506 modo
1187 3447 1341 3507 rhetorem

223 3550 304 3629 sapit
331 3549 431 3610 nitido
460 3553 564 3632 aliquo
587 3551 703 3611 lumine
728 3552 842 3610 exitum
866 3549 1018 3629 epistulae
1043 3548 1265 3610 decoraturum.
1300 3551 1340 3610 cf.

290 3771 310 3834 ¹)
334 3771 470 3835 Aequievi
489 3770 518 3819 in
536 3769 752 3840 transpositione
771 3780 899 3817 versuum
916 3769 948 3817 26
968 3771 996 3816 et
1013 3769 1046 3818 27
1065 3766 1167 3816 nullam
1186 3771 1341 3816 ceterarum

224 3855 384 3905 adsciscens
403 3855 638 3918 coniecturarum,
662 3853 760 3918 quibus
782 3852 829 3902 hic
847 3851 925 3902 locus
943 3855 1067 3901 tentatus
1087 3855 1129 3902 est
1145 3851 1192 3902 vel
1204 3851 1340 3916 improba-

223 3938 324 3989 bilibus
342 3939 387 3989 vel
405 3939 579 4006 perincertis.
616 3939 663 4000 qui
680 3952 746 3987 vero
765 3936 928 3988 novissimus
952 3950 1013 3983 eum
1031 3936 1166 3985 tractavit
1183 3934 1341 3997 Koechlyns

220 4022 239 4075 l.
259 4040 283 4075 c.
302 4040 330 4089 p.
342 4025 392 4074 409
405 4039 472 4089 sqq,
492 4024 616 4074 Senecae
635 4037 762 4073 versuum
782 4038 799 4071 a
816 4021 925 4070 nemine
944 4019 1007 4067 dum
1026 4019 1199 4069 Theocriteis
1220 4019 1340 4068 admoto·

222 4123 280 4157 rum
310 4108 517 4173 comparatione
547 4122 624 4158 suam
653 4106 821 4157 sententiam
850 4104 951 4169 partim
975 4103 1084 4154 firmare
1108 4106 1218 4168 poterat
1240 4101 1340 4166 partim

223 4193 379 4245 emendare.

288 4275 314 4340 ί)
329 4277 419 4343 Atque
437 4271 524 4327 habet
536 4275 639 4326 similia
650 4276 772 4326 Nonnus.
802 4289 935 4339 praesens
953 4289 1019 4324 vero
1037 4281 1144 4338 ternpus
1161 4266 1340 4337 μειονεκτοῧ·

222 4375 268 4412 σιν
284 4362 332 4411 vix
350 4362 419 4413 licet
437 4361 569 4412 adhibere
590 4360 624 4410 ad
643 4359 719 4409 illam
738 4359 928 4422 suspitionem¹
939 4357 1178 4422 comprobandam.

1090 4439 1137 4501 ¹¹1*
