3254 5158
731 441 943 508 ..52-

278 620 373 693 lerat,
397 619 458 677 iam
473 617 573 696 ipsum
588 616 845 695 Erysichthonem
862 614 1008 694 Cecropis
1022 615 1117 675 filium
1132 615 1282 675 theoriam
1297 614 1395 675 Athe-

279 721 433 780 niensium
453 720 566 779 Delum
591 718 767 778 deduxisse.
781 713 806 795 ¹)
851 726 944 798 atque
966 719 998 775 in
1022 717 1146 777 Solonis
1168 716 1288 794 legibus
1311 737 1394 777 men·

278 823 395 881 tionem
418 821 514 880 fuisse
536 821 648 880 factam
670 821 877 880 Deliastarnm
899 818 1081 878 Athenaeus
1097 820 1143 879 VI
1165 839 1196 898 p.
1211 826 1264 882 234
1286 839 1303 878 e
1324 840 1394 898 pro·

279 923 335 983 dit.
348 921 374 1001 ²)
405 943 465 982 nec
486 923 594 981 mirum
615 941 690 982 vero
715 929 775 995 est,
800 921 969 981 fabularem
990 921 1149 980 historiam
1163 920 1292 980 saeculis
1315 920 1395 978 ultra

276 1026 377 1104 ipsam
405 1025 515 1083 Ionum
544 1023 758 1101 migrationem
785 1023 907 1082 remotis
933 1022 1078 1083 Deliacos
1108 1030 1279 1081 conventus
1302 1030 1395 1100 atque

276 1125 517 1186 Atheniensium
537 1125 592 1184 illa
613 1125 794 1184 commercia
816 1124 947 1184 Deliaca
969 1118 1207 1203 adscripsissel)
1287 1191 1290 1198 ‚

363 1228 475 1307 Itaque
497 1226 538 1285 ad
560 1227 737 1306 panegyrin
760 1225 921 1285 Deliacam
950 1223 1168 1284 celebrandam
1190 1224 1341 1284 Acontius
1364 1231 1395 1282 et

279 1324 458 1408 Cydippa⁴)
481 1328 516 1386 in
537 1347 655 1387 sacram
676 1328 808 1388 insulam
831 1335 920 1386 erant
934 1327 1075 1407 profecti.
1107 1345 1188 1406 quae
1203 1327 1395 1386 confirmatur

278 1450 401 1510 quoque
416 1430 545 1509 suspitio
562 1450 629 1488 cum
641 1431 784 1504 festorum
799 1439 932 1488 extorum
948 1430 1106 1490 mentione
1118 1447 1168 1508 ep.
1180 1428 1264 1488 XXI
1273 1436 1316 1502 94,
1332 1435 1395 1486 tum

278 1531 471 1592 Aristaeneti
492 1531 578 1590 hisee
600 1531 719 1592 verbis:
750 1519 769 1606 ἡ
792 1525 824 1590 δὲ
845 1528 1036 1610 (deportatae)
1064 1520 1097 1589 cd
1120 1526 1246 1607 μέγεθος
1267 1525 1319 1587 καὶ
1340 1518 1395 1604 τὴν

276 1622 382 1710 χροιὰν
397 1633 614 1710 καταπλαγεῐσα
629 1622 802 1711 ἀνήρπασεν
817 1618 878 1708 ἅμα
894 1630 1095 1711 διαποροῦσα,
1118 1630 1153 1689 τί
1157 1627 1179 1701 ς’
1193 1621 1262 1710 ἄρα
1284 1629 1395 1689 τοῦτο

277 1723 319 1810 (cd
340 1733 445 1811 μῆλον)
474 1734 545 1792 τῶν
575 1731 780 1811 παρθένων
807 1731 950 1814 μετέωρος
970 1724 1099 1812 ἀπέβαλε
1125 1732 1179 1791 τοῦ
1200 1731 1394 1812 προκολπίοο.

278 1844 310 1896 et
338 1836 491 1896 Acontius
515 1835 613 1905 Ceus
644 1856 680 1897 eo
709 1837 896 1897 commodius
923 1836 1104 1898 narrabatur
1125 1834 1219 1896 Delia
1245 1855 1394 1915 praesens

278 1937 411 2011 obiisse,
437 1958 496 2018 quo
520 1939 613 1997 artius
637 1959 791 1998 sacrorum
813 1939 1026 1998 communione
1050 1937 1106 1998 oei
1129 1938 1284 1997 coniuncti
1307 1945 1395 1996 erant

278 2059 345 2098 cum
359 2038 433 2098 Deli
455 2039 574 2098 incolis.
605 2060 676 2099 nam
698 2040 855 2120 proprium
877 2039 947 2100 illos
968 2040 1140 2100 instituisse
1157 2039 1288 2100 Oeorum
1301 2035 1394 2097 ἑστια-

276 2134 389 2219 τόριον,
414 2139 497 2219 quod
520 2159 617 2219 prope
640 2140 740 2219 ipsum
754 2142 951 2200 Artemisium
973 2142 1080 2216 fuerit,
1102 2141 1280 2202 Herodotus
1305 2140 1395 2200 docet

276 2243 323 2303 IV
345 2249 389 2304 35.
413 2242 452 2300 cf.
475 2241 748 2302 Broendstedtinm
764 2241 887 2303 -Reisen
909 2243 925 2302 I
948 2264 979 2322 p.
1002 2251 1036 2304 48
1057 2239 1138 2323 sq.⁵)

361 2344 508 2423 Denique
531 2363 572 2402 ne
596 2343 671 2423 quid
700 2344 781 2404 desit
803 2345 843 2404 ad
869 2345 1011 2424 fiduciam
1033 2346 1227 2405 coniecturae
1250 2364 1394 2404 summam

282 2443 479 2504 excitandam
508 2444 581 2504 facit
611 2446 675 2505 eius
698 2445 794 2525 ipsius
818 2446 923 2506 aetion
945 2447 1031 2521 libri,
1061 2448 1108 2505 cui
1131 2448 1277 2506 insertam
1299 2428 1394 2506 luisse

280 2545 448 2627 Cydippae
480 2546 611 2624 elegiam
633 2547 795 2627 postmodo
817 2547 1005 2624 videbimus,
1029 2549 1088 2608 hoc
1110 2545 1169 2627 frg.
1193 2571 1211 2609 a
1234 2548 1393 2627 Stephano

193 2637 202 2648 ⁸
279 2649 355 2727 Byz.
379 2668 403 2706 s.
427 2668 457 2706 v.
483 2647 581 2723 Δῆλος
604 2658 758 2709 servatum
783 2649 830 2728 (30
852 2647 987 2728 Bentl.):

227 2823 276 2864 vrn
313 2796 364 2859 καὶ
383 2799 560 2877 Anticus,
576 2791 592 2858 d
608 2799 649 2872 εἰς
667 2801 767 2877 Δῆλον
783 2795 937 2880 ἐρχόμενος
952 2794 1047 2880 χορός,
1063 2803 1248 2880 Καλλίμαχος
1262 2801 1359 2884 τρίτῳ.

363 2953 439 3014 Onm
462 2952 610 3034 Cydippe
638 2963 735 3014 mater
760 2962 854 3035 atque
881 2956 985 3015 nutrix
1005 2976 1068 3015 una
1090 2955 1150 3015 iter
1171 2956 1298 3015 faciunt.
1343 2975 1395 3015 cur

345 3223 368 3289 ¹)
400 3223 443 3274 cf.
462 3223 632 3276 Boeokhium
655 3223 792 3274 Abhandl.
817 3224 842 3276 d.
861 3223 1121 3290 historischphilos.
1140 3225 1185 3280 Kl.
1204 3226 1230 3275 d.
1249 3225 1322 3276 Berl.
1341 3225 1393 3275 Ak.

279 3309 345 3358 1834
363 3324 389 3373 p.
407 3310 423 3357 2
442 3323 492 3372 sq.‚
512 3308 542 3361 C.
560 3310 594 3358 F.
613 3310 801 3359 Hermannum
821 3308 853 3357 de
872 3310 980 3360 theoria
998 3311 1117 3361 Deliaca
1134 3327 1160 3376 p.
1178 3311 1203 3362 4.

345 3406 366 3471 ²)
392 3407 434 3460 Gt.
453 3407 625 3459 Boeokhium
649 3409 842 3460 Staatshaush.
861 3412 889 3460 11
906 3427 933 3476 p.
953 3411 1000 3475 81,
1025 3410 1056 3464 C.
1073 3413 1105 3464 F.
1124 3412 1311 3462 Hermannum
1329 3410 1351 3462 l.
1369 3428 1394 3462 c.

277 3493 347 3558 p.4‚
367 3494 406 3542 12.

344 3591 365 3658 ³)
393 3581 536 3644 Hoeckius
553 3592 572 3642 l.
592 3610 615 3644 c.
634 3594 663 3644 11
681 3611 707 3660 p.
727 3597 789 3645 131:
808 3596 864 3645 Der
882 3597 1001 3654 Antisti,
1019 3599 1129 3649 weicheri
1147 3599 1227 3649 durch
1245 3599 1286 3648 die
1303 3599 1394 3649 lonier

276 3679 363 3728 Attea
380 3695 414 3728 aa
432 3680 480 3729 der
499 3678 652 3743 &ucadnap
670 3680 716 3729 des
733 3680 928 3745 Apollo-Cultus
946 3682 996 3745 auf
1003 3683 1081 3733 Delos
1097 3683 1176 3746 hatte,
1193 3683 1293 3747 spriclrt
1303 3683 1356 3732 sict
1367 3684 1394 3732 in

276 3765 332 3812 dem
349 3763 480 3813 Interesse
498 3779 557 3822 aras,
578 3764 686 3814 welches
707 3766 866 3829 vorzueplich
882 3767 946 3828 J'ene
964 3766 1041 3817 stadt
1063 3784 1097 3816 aa
1120 3769 1205 3817 dieser
1222 3767 1295 3816 Inscl
1311 3768 1391 3816 ναὴνο.

276 3848 316 3896 Es
337 3848 442 3911 schlaap
463 3848 517 3897 siclt
539 3850 589 3898 seit
610 3850 657 3898 der
677 3849 900 3901 Neleidenlrolonie
923 3852 963 3900 cin
981 3850 1062 3900 Baad
1077 3868 1116 3900 um
1134 3851 1219 3901 Athen
1237 3853 1291 3901 aad
1306 3850 1393 3907 Delos,

275 3932 382 3981 welches
400 3933 448 3982 der
466 3932 571 3997 Mytltos
588 3934 687 3996 jedoch
710 3934 774 3983 nacla
796 3949 862 4000 ponz
883 3936 1084 3998 pewochnlicker
1101 3935 1279 4000 Erscteinanp
1301 3937 1327 3986 in
1346 3937 1394 3985 dus

275 4032 356 4082 praue
375 4016 518 4066 Altertlara
535 4018 629 4081 diacus
641 4019 745 4081 aerlept.

343 4116 365 4180 ⁴)
390 4118 450 4168 Non
472 4122 609 4182 repugnat
632 4133 674 4183 ep.
695 4118 760 4196 X‘XI
782 4120 814 4168 77
836 4127 904 4170 mota
926 4121 975 4170 Ioci
994 4121 1065 4183 suma
1086 4122 1260 4186 properabam
1283 4137 1307 4174 e.
1325 4137 1350 4196 q.
1369 4136 1392 4171 s.

276 4203 324 4251 ubi
343 4217 443 4252 caussa
462 4201 615 4267 explicatur
632 4202 835 4268 impatientiae,
854 4219 909 4254 non
927 4205 1045 4255 itineris.

344 4301 365 4367 ⁶)
388 4305 528 4354 Paeanem
552 4301 671 4367 aliquem
695 4305 724 4352 in
751 4319 828 4353 usum
857 4305 985 4357 theoriae
1009 4308 1145 4358 Deliacae
1169 4307 1233 4358 Ceis
1257 4307 1392 4357 Pindarus

276 4391 488 4454 conscripserat.
513 4405 539 4440 v.
559 4389 611 4453 frg.
631 4390 664 4438 64
683 4394 710 4440 et
727 4387 760 4439 65
778 4389 849 4454 Bglr.
