3254 5158
636 465 846 527 „17.„

180 639 362 717 fragmentis
384 638 444 696 huc
471 638 591 698 faciunt
611 647 655 712 79,
678 647 704 712 5,
729 647 781 699 150
801 638 881 717 ng.
925 645 1019 719 atque
1049 640 1183 699 cundem
1206 639 1299 699 Calli·

180 740 321 800 maehum
342 741 386 798 ita
408 739 480 798 audi
502 733 535 796 ἕν
556 737 599 822 τῷ
619 737 742 820 γραφαί,
766 735 791 818 ¹)
816 739 856 800 de
877 740 1061 800 Archilocho
1083 740 1276 820 loquentem:

307 855 424 917 εἵλκυσε
446 853 479 916 δὲ
501 849 610 934 δριμύν
632 877 661 916 τε
683 851 772 934 χόλον
793 847 883 929 umis
905 846 957 930 ὀξύ
979 878 1009 916 τε
1031 854 1154 935 κέντρον

349 953 480 1034 σφηκός,
501 949 553 1017 ἆτ’
577 951 752 1039 ἀμφοτέρων
774 947 802 1017 δ’
827 949 873 1018 ἰὸν
896 957 954 1037 ἔχει
976 948 1135 1036 στομάτων.

181 1099 275 1160 quem
301 1080 423 1138 titulum
451 1099 514 1138 una
544 1100 611 1138 cum
635 1082 794 1155 srapmeato
823 1084 930 1155 aliquot
957 1097 1086 1140 uersuum
1114 1079 1152 1140 ab
1181 1080 1299 1140 inedito

183 1181 317 1261 quodam
344 1182 539 1258 grammatico
564 1179 645 1259 (cod.
668 1183 767 1241 Paris.
793 1180 873 1261 1773)
903 1191 1059 1242 servatum
1088 1201 1155 1241 esse
1183 1184 1299 1262 primus

185 1282 533 1342 indicavitDuebnerus
556 1284 588 1341 in
604 1282 744 1342 Hesiodo
760 1283 930 1344 Didotiano
953 1282 1091 1364 append.
1107 1306 1139 1365 p.
1154 1293 1198 1346 44.
1222 1285 1300 1343 inte-

184 1404 272 1461 grum
292 1384 391 1443 locum
414 1385 452 1444 ab
483 1385 535 1443 illo
559 1393 718 1463 acceptum
740 1385 908 1464 publicavit
927 1385 1082 1465 Bergkins
1106 1394 1298 1444 commentat.

184 1485 249 1543 crit.
271 1485 552 1563 spec.Marb.1844
575 1507 605 1566 p.
625 1492 671 1547 16:
694 1481 745 1542 aul
767 1475 825 1565 γὰρ
847 1484 1032 1562 Καλλίμαχος
1054 1481 1122 1562 περὶ
1142 1475 1300 1563 Ἀρχελάου

185 1582 275 1663 λέγων
298 1581 329 1642 ἐν
352 1587 393 1665 τῷ
414 1565 532 1667 γραφίῳ
555 1584 655 1662 φησίν.
687 1583 818 1645 Εἴλκνοε
842 1578 950 1664 δριμύν
973 1605 1003 1644 τε
1025 1578 1113 1663 χόλον
1135 1575 1243 1658 κυνὸς,
1267 1577 1300 1654 ὅς

184 1677 232 1744 ἐτ’
263 1674 435 1762 ἀμφοτέρων
462 1677 509 1745 aiv
539 1683 620 1764 ἐκχεῖ
643 1678 812 1764 στομάτων,
841 1679 1000 1766 ὄξύντερον
1024 1683 1148 1765 κέντρον
1170 1680 1319 1767 σφηντός.Ι

184 1787 292 1848 eadem
325 1787 439 1848 deinde
474 1789 684 1850 emendatiora
718 1788 817 1850 edidit
849 1791 881 1849 in
915 1789 1066 1850 anecdota
1095 1788 1298 1850 Ambrosiano

181 1891 222 1949 H.
244 1890 363 1950 Keilius
388 1891 481 1950 anall.
504 1911 628 1970 gramm.
652 1892 724 1951 Hal.
743 1899 811 1955 1848
833 1913 863 1970 p.
880 1901 911 1953 6:
934 1893 1083 1968 μαρτυρεῖ
1100 1886 1132 1950 δὲ
1155 1889 1198 1972 τῷ
1220 1883 1300 1972 λόγῳ

181 1980 263 2049 καὶὸ
286 1981 411 2066 ποιητὴς
426 1991 628 2069 Καλλίμαχος·
652 1981 780 2071 καὶγὰρ
803 1989 869 2070 περὶ
892 1993 945 2050 τοῦ
956 1981 1127 2068 Ἀρχιλόχου
1149 1987 1242 2069 λέγων
1264 1988 1297 2049 ἐν

182 2092 225 2174 τῷ
251 2093 385 2175 γραφείῳ
414 2089 507 2170 φησὶν
536 2085 645 2164 οὕτως·
678 2090 811 2152 Εἴλαυσέ
836 2114 866 2153 τε
895 2087 1006 2171 δριμύν
1033 2113 1063 2152 τε
1094 2085 1182 2169 λόγον
1211 2082 1300 2163 κυνὸς

183 2215 209 2254 e.
234 2216 264 2275 q.
287 2216 312 2254 s.
334 2204 367 2254 ut
389 2215 491 2275 supra.
528 2195 612 2254 unde
636 2195 791 2255 distichon
813 2194 891 2256 illud
914 2196 1161 2256 constituendum
1183 2196 1300 2255 monuit

183 2296 437 2357 Schneidewinus
460 2296 567 2376 philol.
584 2298 635 2356 III
649 2318 680 2377 p.
697 2303 758 2370 536,
781 2296 927 2376 idemque
949 2317 1031 2356 nunc
1052 2297 1165 2356 leniter
1188 2296 1299 2375 depra-

183 2407 285 2458 vatum
307 2398 363 2462 sed
379 2421 398 2458 a
413 2398 590 2460 Gaisfordio
614 2398 693 2458 male
715 2400 918 2459 instauratum
939 2400 1100 2458 invenitur
1122 2399 1154 2457 in
1177 2398 1299 2458 scholiis

184 2501 334 2580 Scybant.
358 2500 398 2560 ad
420 2501 591 2581 Hephaest.
616 2499 666 2560 ed.
689 2501 723 2559 II
746 2501 845 2562 Gaisf.
869 2522 900 2580 p.
926 2510 984 2564 169.

266 2602 411 2662 Eundem
446 2622 518 2662 vero
555 2602 753 2681 Antipatrum
790 2603 1100 2662 Thessalonicensem
1137 2603 1170 2659 in
1209 2601 1299 2660 simili

184 2723 291 2764 caussa
314 2703 500 2764 Callimacho
523 2713 605 2791 tecte
629 2703 787 2764 adversari
809 2702 902 2763 video
926 2705 1009 2761 anth.
1034 2704 1068 2760 P.
1092 2703 1156 2761 VII
1177 2711 1243 2764 409:

252 2888 271 2952 ¹)
291 2891 455 2939 Duebnerus
480 2890 622 2953 γραφεῖον
645 2904 706 2937 curn
725 2887 884 2937 Antimachi
903 2885 1013 2943 δελτοῖς
1036 2885 1215 2949 comparavit.
1252 2884 1299 2933 scil

185 2973 284 3024 librum
295 2990 374 3024 nemo
384 2973 458 3023 dicet
470 2972 572 3023 stilum.
592 2973 729 3039 Bergkius
740 2972 861 3022 coniecit
871 2964 902 3022 ἐν
914 2969 953 3036 τῷ
964 2967 1300 3037 ppipp,Schneidewinus

185 3050 216 3108 ἐν
228 3055 266 3123 τῷ
285 3049 309 3123 γ’
328 3052 436 3120 αἰτίων,
452 3057 485 3110 Ο.
498 3057 682 3107 Schneiderns
699 3057 822 3123 prolegg.
836 3057 865 3105 in
878 3060 932 3106 aet.
946 3071 972 3121 p.
985 3057 1001 3104 3
1015 3053 1157 3118 aliquanto
1170 3051 1300 3116 probabi-

185 3141 239 3192 lius
251 3134 283 3192 ἐν
300 3139 342 3206 τῷ
360 3132 550 3208 ἐπιγραφείῳ,
571 3157 623 3207 quo
641 3141 720 3192 titulo
739 3141 935 3206 inscriptiones
954 3139 1019 3189 illas
1031 3138 1160 3188 librorum
1173 3137 1298 3202 poeticas

186 3227 304 3276 indicari
322 3226 381 3278 vult
399 3228 458 3277 sive
478 3229 593 3278 seorsim
612 3227 702 3277 editas
720 3227 780 3278 sive
799 3232 829 3276 ut
846 3217 978 3276 asadada
991 3238 1055 3291 pars
1069 3227 1169 3272 essent.
1197 3226 1298 3272 alcum

185 3311 288 3361 tabulis
306 3313 353 3363 vix
369 3316 436 3377 puto
455 3311 663 3377 epigrammatis
681 3311 738 3360 illis
756 3310 841 3360 ullam
860 3311 995 3360 rationem
1008 3307 1208 3358 intercessisse.
1233 3305 1301 3354 mihi

186 3397 310 3460 quotiens
329 3411 390 3446 cum
413 3397 441 3445 in
461 3395 570 3446 titulum
589 3397 671 3446 istum
690 3395 799 3446 intueor
816 3399 873 3444 tum
892 3397 920 3444 in
939 3391 1087 3460 fragmenti
1105 3406 1205 3457 genus,
1230 3391 1301 3455 quod

185 3479 391 3546 epigrammatis
404 3481 581 3530 manifestam
595 3495 662 3546 prae
675 3495 705 3530 se
719 3478 1025 3546 iertspeciem‚totiens
1034 3477 1200 3526 Varronis
1218 3475 1301 3524 ima-

185 3566 281 3630 gines
295 3565 385 3616 animo
395 3570 550 3616 occurrunt.
569 3567 819 3630 quamquamenim
833 3564 1003 3614 adiectarum
1017 3562 1164 3626 figurarum
1173 3559 1300 3624 benignis·

184 3651 268 3698 amam
278 3650 403 3699 iuuentam
415 3649 477 3700 nolo
489 3650 608 3700 Varroni
626 3650 782 3711 detrahere,
801 3655 894 3700 tamen
907 3647 992 3697 facile
1005 3649 1098 3712 potest
1110 3627 1299 3694 Callimachus

185 3733 224 3783 ita
243 3733 396 3799 praeivisse
421 3733 495 3784 illius
514 3749 642 3799 operam,
663 3739 694 3784 ut
712 3730 853 3784 titulorum
878 3731 1079 3783 conlectionem
1101 3728 1237 3778 translata
1254 3743 1301 3777 no·

184 3819 259 3869 tione
278 3819 419 3884 γραφεῖον
432 3818 600 3885 appellatam
615 3819 740 3882 ediderit,
759 3823 854 3883 utpote
868 3832 921 3881 qua
935 3815 1055 3865 auctoris
1069 3813 1200 3878 cuiusque
1213 3813 1301 3862 torma

184 3903 263 3968 quasi
286 3902 449 3969 quibusdam
472 3903 650 3954 lineamentis
674 3903 757 3954 fuerit
781 3900 955 3951 adumbrata.
991 3900 1035 3948 cui
1054 3902 1128 3948 esset
1145 3898 1300 3961 finitimum,

184 3997 214 4038 ut
232 3988 289 4038 alia
308 3989 441 4052 omittam,
462 3987 533 4053 qaod
551 3989 710 4038 Eudoxus
727 3988 827 4037 librum
845 4000 922 4035 suum
936 3983 1147 4034 astronomicum
1159 3983 1302 4048 inscripsit

185 4069 344 4138 sloonrpcv.
380 4073 454 4124 haud
478 4074 578 4140 exigua
601 4078 694 4124 autem
718 4071 894 4123 coniecturae
916 4083 995 4119 meae
1015 4068 1077 4117 inde
1098 4067 1208 4118 accedit
1227 4082 1300 4117 com-

184 4159 336 4221 mendatio,
362 4159 433 4224 quod
451 4160 602 4209 Varronem
625 4159 654 4207 in
675 4157 806 4208 librorum
829 4169 938 4206 suorum
961 4156 1131 4219 argumentis
1155 4169 1188 4203 ac
1211 4149 1301 4202 titulis

185 4258 289 4308 graeca
314 4243 474 4310 plerumque
498 4242 663 4293 aemulatum
688 4257 750 4294 esse
774 4240 902 4307 exempla
924 4253 996 4288 nunc
1016 4241 1156 4303 comperta
1179 4249 1224 4284 res
1249 4238 1300 4282 est.

185 4333 213 4378 et
230 4329 319 4393 ipsum
338 4327 539 4378 Callimachum
557 4341 611 4377 non
629 4342 684 4376 una
703 4329 731 4376 in
750 4341 779 4376 ro
798 4325 846 4376 ille
864 4325 974 4377 videtur
986 4326 1108 4374 secutas.
1138 4318 1215 4369 aetia
1228 4329 1300 4366 com·

184 4427 350 4464 memorasse
368 4428 441 4462 nunc
459 4413 528 4463 satis
549 4410 649 4463 habeo.

217 4513 357 4561 nmrusu,
377 4512 490 4546 catum.
1078 4487 1098 4550 2
