3284 5158
723 353 953 418 -152-

395 529 553 590 excranda
575 528 646 603 tibi,
670 549 734 588 ncn
756 525 910 606 capienda
932 526 987 585 fui.

352 652 420 705 cur,
444 651 493 690 me
516 651 581 690 cum
603 637 742 710 peteres,
767 649 804 688 ea
827 648 890 687 non
912 627 1088 707 profitenda
1110 626 1255 707 putabas,

272 725 333 796 '130
397 741 524 813 propter
546 751 626 812 quae
649 730 738 791 nobis
761 731 830 810 ipse
852 729 1007 809 petendus
1030 729 1121 789 eras?

352 854 464 914 eogere
487 853 540 892 cur
561 833 664 912 potius
687 852 779 912 quem
801 831 989 912 persuadere
1011 830 1155 904 volebas,

395 936 421 995 si
443 943 583 1015 poteram
605 932 711 993 audita
733 933 917 994 condicione
940 932 1031 1012 cepi?

352 1035 428 1116 quid
448 1035 504 1095 tibi
526 1056 608 1095 nunc
630 1035 758 1116 prodest
779 1034 902 1094 iurandi
924 1034 1053 1094 formula
1074 1034 1149 1094 iuris

394 1139 562 1217 linguaque
584 1145 782 1216 praesentem
804 1137 967 1196 testificata
990 1134 1101 1194 deam?

284 1249 332 1302 135
357 1235 447 1319 [quse
469 1240 563 1308 iurat,
587 1257 674 1297 mens
698 1245 759 1297 est:
790 1238 836 1297 nil
857 1236 1081 1297 coniuravimus
1102 1237 1167 1296 illa.

394 1339 449 1398 illa
469 1339 562 1399 fidem
586 1338 674 1398 dictis
697 1338 815 1397 addere
837 1339 906 1398 sola
928 1333 1053 1421 potest}

353 1441 513 1501 consilium
534 1440 736 1520 prudensque
759 1440 853 1498 animi
875 1440 1032 1500 sententia
1054 1440 1147 1513 iurat,

287 1586 289 1590 ·
396 1551 428 1602 et
449 1542 510 1601 nisi
531 1542 637 1602 iudicii
659 1541 784 1601 vincula
806 1541 891 1601 nulla
913 1542 1028 1600 valent.

352 1645 378 1702 si
400 1642 457 1702 tibi
479 1644 654 1722 coniugium
674 1643 760 1702 volui
781 1643 959 1720 promittere
981 1652 1133 1716 nostrum,

283 1755 333 1806 140
398 1746 487 1823 exige
509 1745 640 1825 polliciti
663 1744 769 1804 debita
790 1745 857 1802 iura
878 1745 953 1804 tori:

352 1846 409 1906 sed
431 1847 458 1905 si
480 1845 525 1905 nil
549 1845 688 1906 dedimus
710 1856 836 1925 praeter
857 1847 925 1905 sine
946 1853 1074 1925 pectore
1096 1863 1219 1918 vocem,

395 1946 491 2008 verba
512 1949 574 2007 suis
597 1948 710 2008 frustra
730 1946 847 2007 viribus
870 1946 945 2007 orba
966 1955 1068 2007 tenes.

344 2046 429 2129 ‚[n0n
453 2069 511 2127 ego
533 2049 650 2108 iuravi:
680 2048 743 2126 legi
764 2049 898 2108 iurantia
919 2048 1025 2109 verba.

393 2151 442 2208 vir
463 2150 537 2209 mihi
559 2169 623 2208 non
644 2149 704 2208 isto
728 2169 812 2210 more
833 2151 988 2228 legendus
1011 2169 1089 2209 eras.

284 2260 332 2313 145
356 2250 466 2330 decipe
490 2251 534 2310 sic
556 2251 643 2310 alias.
672 2250 819 2309 succedat
841 2252 974 2330 epistola
995 2271 1097 2330 pomo.

394 2353 421 2411 si
443 2353 528 2412 velet
549 2352 621 2426 hoc,
644 2371 772 2430 magnas
796 2351 900 2411 divitis
924 2353 1120 2432 aufer'opes.

352 2454 402 2512 fac
423 2454 527 2513 iurent
548 2473 638 2531 reges
661 2473 718 2513 sua
740 2473 774 2513 se
796 2452 852 2512 tibi
874 2473 972 2533 regna
994 2453 1134 2528 daturos,

395 2557 496 2636 sitque
518 2565 602 2616 tuum
624 2563 689 2614 toto
714 2554 861 2635 quicquid
883 2556 916 2614 in
939 2554 1013 2615 orbe
1036 2556 1150 2635 placet.

351 2657 447 2716 maior
470 2676 503 2716 es
525 2657 584 2720 hac
605 2658 676 2736 ipsa
698 2656 807 2730 multo,
830 2657 905 2715 mihi
927 2657 1037 2732 crede,
1059 2657 1180 2731 Diana,

285 2768 334 2818 150
398 2758 424 2817 si
446 2739 499 2817 tua
520 2769 583 2817 tam
605 2777 756 2837 praesens
778 2759 883 2819 littera
904 2779 1019 2818 numen
1041 2753 1157 2838 habet]

352 2879 419 2918 cum
440 2867 544 2919 tamen
566 2859 644 2919 haec
667 2859 747 2934 dixi,
773 2879 840 2919 cum
861 2879 910 2919 me
932 2859 989 2919 tibi
1009 2861 1096 2920 firma
1117 2859 1247 2938 negavi,

394 2980 462 3019 cum
484 2960 566 3020 bene
588 2962 729 3041 promissi
752 2980 844 3021 causa
865 2970 992 3041 peracta
1013 2961 1118 3035 meist,

353 3063 515 3137 confiteor,
538 3063 632 3122 timec
655 3082 769 3123 saevae
791 3062 941 3123 Latoidos
963 3064 1041 3124 iram

395 3172 427 3223 et
448 3184 559 3244 corpus
581 3165 665 3225 laedi
687 3166 825 3245 suspicor
846 3165 922 3224 inde
944 3185 1054 3225 meum.

282 3276 331 3328 155
353 3285 425 3324 nam
448 3285 559 3345 quare,
584 3269 729 3348 quotiens
752 3267 878 3326 socialia
898 3286 987 3328 sacra
1008 3276 1172 3347 parantur,

324 3361 326 3365 ’
394 3375 548 3447 nupturae
569 3369 683 3428 totiens
706 3368 857 3447 languida
878 3367 1014 3427 membra
1036 3368 1173 3429 cadunt?

348 3632 373 3668 v.
394 3619 442 3668 129
468 3634 522 3668 cum
544 3636 581 3669 me
603 3618 689 3682 Psv,
714 3635 788 3685 quom
806 3626 830 3669 te
848 3635 870 3670 r.
901 3623 1063 3686 proficienda
1080 3638 1107 3685 r,
1133 3623 1245 3687 putabar
1266 3622 1349 3674 Psv.
1369 3646 1399 3656 -

280 3719 306 3754 ν.
327 3704 375 3753 131
399 3718 464 3767 quor
485 3705 571 3768 posius
593 3720 614 3753 r.
640 3731 671 3740 —
701 3719 728 3757 v.
748 3705 795 3755 132
819 3705 963 3756 conditione
985 3705 1008 3754 L
1027 3721 1041 3755 r
1058 3721 1084 3756 v.
1108 3732 1137 3742 -
1171 3721 1197 3758 v.
1217 3707 1266 3757 135
1284 3721 1324 3771 sq.
1349 3708 1400 3756 cir-

280 3787 452 3853 cumscripsi.
488 3789 525 3838 nit
541 3805 588 3839 nos
605 3790 740 3840 iuravimus
757 3787 910 3840 Bentleius.
935 3814 969 3826 -
990 3806 1018 3840 v.
1036 3792 1085 3842 136
1107 3792 1206 3842 addere
1223 3791 1301 3842 verba
1318 3807 1345 3842 v.
1368 3819 1399 3828 -

279 3891 304 3924 v.
319 3874 367 3923 139
378 3874 447 3922 valui
457 3888 478 3922 r.
493 3899 521 3906 —
542 3888 568 3923 v.
583 3869 717 3925 143-150
730 3873 943 3941 circumscripsi.
957 3901 989 3911 -
1001 3890 1028 3926 v.
1042 3876 1091 3924 144
1103 3877 1155 3925 ersis
1166 3874 1211 3926 Ps
1224 3892 1250 3936 v,
1269 3892 1329 3926 eras
1341 3877 1364 3926 L
1378 3892 1400 3929 r.

200 3948 212 3960 ⁸
278 3957 331 4008 hcc
345 3973 369 4009 v.
382 3955 649 4008 deficiuntP3r.—
662 3974 688 4009 v.
702 3960 751 4010 145
762 3960 901 4010 alioaLv.
916 3985 947 3996 —
960 3976 986 4010 v.
1001 3961 1050 4009 146
1062 3960 1163 4012 sicelet
1174 3961 1215 4012 tic
1226 3976 1252 4012 v.
1266 3975 1336 4012 -v.
1351 3963 1400 4013 148

279 4042 398 4092 fortasse
407 4044 496 4108 fitque.
509 4068 542 4077 —
559 4057 585 4093 v.
600 4044 648 4093 149
660 4058 718 4108 sqq.
738 4046 824 4108 nan'or
841 4051 881 4096 cst
897 4044 960 4095 daec
978 4045 1036 4094 dixi
1052 4060 1106 4094 cum
1117 4061 1155 4095 me
1168 4046 1213 4096 tibi
1222 4049 1298 4110 firma
1310 4048 1400 4112 nepam·

278 4128 303 4176 si
320 4133 363 4176 tua
381 4133 431 4177 tam
450 4141 578 4192 praesens
595 4127 682 4178 littera
700 4143 788 4178 numen
810 4128 885 4178 habet
906 4145 960 4179 cum
978 4136 1061 4179 tamen
1077 4130 1141 4180 llaec
1158 4132 1216 4180 deci
1234 4145 1257 4180 e.
1278 4147 1304 4195 q.
1322 4147 1346 4180 s.
1364 4131 1397 4192 L,

278 4212 363 4274 major
381 4226 408 4261 es
426 4227 457 4263 cc
475 4214 533 4276 ipsa
550 4213 648 4261 multam
666 4229 692 4262 v.
727 4212 774 4263 hoe
792 4214 851 4277 ipsa
868 4213 1005 4264 Francius
1023 4217 1051 4263 et
1068 4213 1222 4266 Bentlcius.
1246 4241 1280 4251 -
1302 4231 1328 4266 v.
1348 4215 1398 4266 153

286 4310 365 4345 caece
382 4310 408 4347 v.
428 4321 461 4332 -
479 4311 505 4348 v.
525 4297 574 4348 155
591 4311 668 4348 sacr-a
682 4313 735 4362 per
752 4303 829 4347 antra
845 4313 871 4349 v.
