3284 5158
751 409 959 474 -80-

446 583 581 659 foedera,'
599 587 716 658 populeo
737 587 862 655 suspirat
882 586 1003 656 populas
1024 568 1120 651 'ictas

448 693 475 742 at
492 689 602 758 platani
617 688 743 758 platanis
763 687 880 758 alnoque
902 685 1028 742 adsibilat
1049 685 1140 742 alnas.

297 779 460 871 Nonnus
483 811 616 870 XXXII
636 818 672 872 86
693 829 762 889 sqq.

449 933 500 994 καὶ
522 928 629 1015 κρόκος
651 929 809 1012 ἐβλάστησε
831 933 914 1006 Κίλιξ
936 925 1114 1009 καί’ἕφόετο
1136 925 1239 1010 μῖλαξ,
1349 927 1358 938 ’

448 1031 540 1111 θήλεϊ
560 1024 586 1092 δ’
610 1026 719 1113 όρσενα
741 1030 840 1112 φύλλα
861 1032 1018 1094 συνέπλεκε
1039 1034 1148 1112 γείτονι
1169 1034 1255 1117 ποίη,

449 1131 500 1196 σία
521 1129 623 1196 πόθου
646 1137 756 1195 πνείων
778 1133 828 1195 καὶ
851 1133 883 1195 έν
904 1128 1030 1194 όνθεσιν
1051 1126 1144 1213 ἁβρὸς
1166 1124 1300 1212 όικοίτης,

448 1235 500 1299 καί
522 1235 603 1315 λέχος
623 1229 799 1316 ἀμφοτέρων
821 1232 977 1314 έπεκόσμεε
999 1231 1118 1308 διπλόος
1139 1227 1252 1315 όρπηξ,

449 1341 533 1416 Ζῆνα
554 1333 654 1422 κρόκῳ
676 1332 813 1416 πυκάσας
833 1335 884 1397 καί
905 1337 1006 1415 μίλακι
1029 1330 1181 1416 σόγηαμον
1192 1330 1308 1418 Ἥρην·

449 1438 499 1499 καὶ
524 1429 597 1511 Διὸς
619 1431 690 1512 ὀξὺν
712 1425 806 1520 έρωτά
828 1432 953 1516 νοημονι
976 1437 1092 1498 δείκνυε
1115 1441 1184 1523 σιγῇ

449 1536 575 1619 ἱμερόεις
598 1535 757 1622 νόρκισσυς
780 1535 980 1620 ἒπιθρωσκων
1002 1532 1146 1622 ἀνεμώνη.

298 1672 336 1729 cf.
360 1670 476 1730 ibidem
497 1671 578 1732 XVI
599 1679 754 1734 tto—291.
779 1678 809 1729 et
830 1670 925 1728 XLII
947 1679 996 1732 301
1020 1690 1066 1750 sq.

449 1785 534 1872 ηνίδε
556 1798 619 1866 πῶς
641 1786 791 1866 ὑάκινθος
812 1791 944 1876 ἐπέτρεχε
966 1793 1074 1874 γείτονι
1097 1791 1210 1878 μόρτιμ,

447 1897 511 1969 πῶς
532 1888 623 1978 γελοία
645 1891 804 1976 νόρκισσος
827 1891 1024 1976 ἐπιθρώσκων
1045 1886 1201 1978 ἆνεμεόνη·

298 2025 436 2086 ciusdem
458 2045 600 2084 versuum
622 2024 690 2084 XII
712 2029 857 2087 lta-137
879 2025 1002 2084 ultimos
1024 2033 1143 2083 tanturn
1165 2025 1383 2104 proponimus:

448 2147 499 2208 καὶ
521 2149 606 2220 πίτυς
628 2142 769 2219 αίοίζουσα
790 2147 974 2236 συνέμπορος
996 2139 1087 2228 ἥλικι,
1100 2143 1198 2234 πεύκη

448 2247 605 2309 λεπταλέον
627 2241 808 2327 ψιθόριζεν·
830 2243 1030 2328 όκερσεκόμου
1052 2247 1084 2310 δέ
1106 2248 1156 2309 καὶ
1178 2241 1256 2329 αὕτη

450 2350 568 2428 Φοίβου
591 2349 714 2429 δένδρον
736 2348 824 2411 ἐοῦσα
847 2345 942 2428 κόμην
964 2343 1137 2411 ἀπεσείσατο
1161 2345 1261 2428 δάφνη

448 2450 626 2525 πενθαλέοις
640 2443 771 2530 όνέμοις,
795 2443 904 2532 λιπαρὴ
928 2445 954 2509 δ’
980 2447 1107 2530 σ’ίτμητος
1129 2449 1212 2528 itata

448 2546 546 2630 φύλλα
568 2552 659 2632 χαμαὶ
681 2551 827 2631 κατέχευε,
850 2551 901 2613 καὶ
922 2552 950 2614 εί
969 2544 1065 2629 φυτόν
1088 2539 1139 2631 ἦεν
1158 2545 1300 2631 Ἀθήνης.

240 2651 241 2656 '
297 2683 438 2745 similiter
461 2680 592 2744 ovinus
614 2691 684 2744 ma.
708 2683 757 2742 xr
780 2689 814 2746 a
837 2704 884 2763 sq.

449 2817 476 2869 ta
498 2814 581 2885 ripidi
599 2815 698 2881 silicas,
723 2818 750 2868 te
772 2815 900 2869 carmina
921 2829 1006 2886 saepe
1027 2818 1141 2870 secatae

444 2893 583 2985 flaverant
604 2916 698 2984 siloae,
715 2917 818 2986 positis
841 2919 869 2971 to
888 2913 1037 2986 frondibus
1059 2916 1143 2972 arbos

438 3023 526 3072 tonsa
548 3032 654 3071 comam
677 3017 759 3072 lacit.

297 3115 404 3194 quales
426 3133 533 3174 versus
556 3123 629 3194 apte
651 3115 711 3173 iam
733 3114 896 3174 traducere
918 3124 1048 3195 possent
1070 3113 1111 3175 ad
1135 3116 1201 3177 eius
1223 3117 1306 3176 modi
1328 3116 1413 3176 fabu-

295 3216 357 3290 las,
390 3217 489 3295 qualis
513 3225 560 3275 est
581 3216 736 3295 Phyllidis
759 3237 778 3274 a
801 3214 990 3276 Callimacho
1018 3219 1051 3276 in
1074 3219 1162 3276 achiis
1186 3216 1340 3276 celebrata
1362 3219 1412 3276 vel

298 3325 373 3375 nota
395 3317 451 3376 illa
474 3317 513 3376 de
536 3317 694 3377 arboribus
717 3320 750 3377 in
774 3319 888 3378 tumulo
912 3319 1076 3377 Protesilai
1104 3319 1222 3397 positis.
1268 3328 1299 3375 at
1326 3318 1411 3376 hisce

297 3416 422 3497 quidem
444 3437 527 3476 nunc
549 3417 767 3478 abstinendum
790 3429 853 3492 est,
878 3440 945 3478 cnm
968 3418 1008 3477 ad
1031 3409 1146 3477 maiora
1169 3417 1297 3493 ducant,
1322 3437 1412 3497 quam

297 3537 376 3596 quae
398 3520 432 3576 in
453 3527 631 3577 transcursu
655 3517 750 3596 digna
772 3540 844 3578 cura
866 3521 989 3600 possint
1011 3501 1170 3598 explicari.

380 3617 474 3696 Quod
490 3618 695 3680 Callimachus
710 3623 890 3681 memoravit
905 3612 1106 3699 φυλλόρροιαν
1117 3629 1150 3679 nt
1165 3621 1285 3698 signnm
1300 3603 1411 3682 amoris

296 3719 451 3794 arborum,
480 3721 513 3778 in
543 3741 580 3780 co
609 3722 774 3802 singularis
803 3723 1092 3801 elegantia'inesse
1120 3720 1252 3781 videtur.
1298 3723 1412 3782 etenim

296 3823 321 3881 si
344 3822 392 3880 cui
414 3823 495 3880 iuter
516 3824 792 3882 commissationem
815 3843 927 3882 corona
951 3825 1044 3903 capiti
1066 3824 1210 3902 imposita
1232 3822 1412 3882 demittebat

296 3923 371 3982 folia
392 3923 542 3998 marcida,
566 3924 648 3982 hunc
671 3923 871 4002 conligcbant
892 3925 1002 3984 amoris
1025 3923 1149 4002 ignibus
1170 3926 1289 3985 torreri.
1299 3922 1323 4001 ¹)
1368 3925 1411 3983 sic

297 4021 500 4084 Callimachus
524 4025 622 4116 epigr.
644 4025 771 4084 XLIII:

362 4261 383 4326 ¹)
402 4261 447 4312 of.
464 4259 619 4312 Beckerum
638 4258 761 4314 Charilrl.
780 4262 793 4314 I
812 4277 838 4328 p.
858 4263 922 4330 240,
945 4263 1104 4316 Iakobsiurn
1128 4265 1163 4316 ad
1186 4260 1261 4314 anth.
1280 4261 1326 4312 Gr.
1345 4267 1409 4314 tom.

295 4347 334 4401 VI
352 4363 377 4414 p.
395 4349 454 4397 265.
1373 4364 1375 4368 ·
