3254 5158
680 443 868 507 ,5-

212 622 322 681 librum
345 617 429 678 ducit
451 616 578 676 Maurici
602 615 752 678 Schmidti
773 617 855 677 haud
885 618 989 697 paullo
1018 617 1206 697 probabilior
1228 621 1328 700 dispu-

212 723 286 782 tatio
309 721 437 800 Didym.
461 740 492 798 p.
515 725 568 781 390
588 739 636 798 sq.

296 823 411 883 Verum
434 821 516 880 enim
537 840 612 880 vero
634 841 698 880 rem
721 822 879 902 aliquanto
902 820 1140 882 reconditiorem
1160 824 1233 883 mihi
1249 845 1329 884 asse·

210 933 297 985 cutus
314 943 383 984 esse
397 921 522 996 videor,
548 943 639 1002 quam
662 922 733 982 dum
754 923 846 983 modo
869 923 1064 1004 persuadere
1087 926 1246 1002 contingat
1267 946 1331 985 non

210 1025 340 1104 negabis
363 1025 521 1104 pertinere
544 1022 584 1083 ad
600 1025 727 1083 Homeri
743 1033 774 1084 et
790 1024 970 1085 Callimachi
993 1026 1118 1085 nomina
1139 1027 1252 1086 totiens
1276 1047 1332 1106 per

211 1126 439 1207 oppositionem
453 1126 566 1184 iuncta.
598 1126 720 1200 etenim,
743 1127 916 1212 niegregie
931 1127 1037 1201 fallor,
1062 1129 1145 1206 ipse
1160 1127 1331 1188 Alexan·

213 1230 351 1288 drinae
374 1227 528 1304 elegiae
552 1227 741 1302 antistes,
767 1229 830 1308 qui
852 1249 953 1289 suam
976 1228 1331 1288 sibisemitamele-

212 1330 266 1408 git
288 1327 614 1408 persequendam,
638 1337 787 1390 tantum
807 1331 910 1390 afuit
934 1339 975 1390 ut
1001 1331 1202 1411 particeps
1227 1340 1332 1390 esset

212 1430 417 1490 communis
447 1429 604 1488 Homeri
634 1430 925 1506 admirationis,
956 1439 996 1491 ut
1024 1432 1061 1489 in
1090 1433 1331 1491 contrariam

211 1532 341 1611 potius
370 1538 517 1609 partem
550 1522 708 1611 aliquod
739 1534 950 1612 exemplum
981 1533 1175 1612 effingere
1205 1534 1331 1592 vellet

212 1641 401 1712 tamquam
428 1632 610 1693 noviciae
640 1633 801 1693 scholae
824 1643 971 1707 auctor,
1003 1653 1021 1690 a
1044 1633 1204 1694 fastidiosa
1226 1655 1330 1713 super-

142 1732 145 1744 ’
211 1733 263 1793 bia
284 1732 368 1794 haud
390 1754 465 1793 sane
481 1734 506 1793 is
523 1734 565 1794 ita
588 1734 717 1794 alicnus.
749 1735 833 1816 quod
856 1757 938 1795 nunc
962 1735 1219 1814 comprobaturus,
1244 1737 1328 1795 unde

211 1835 380 1915 quaerendi
408 1836 527 1895 occasio
557 1837 631 1895 mihi
660 1845 733 1896 nata
762 1845 822 1912 est,
855 1837 931 1898 inde
963 1838 1191 1897 commentandi
1222 1837 1330 1896 ducam

210 1937 380 1996 exordium.
1191 1943 1194 1946 ’

294 2037 387 2116 Quod
411 2039 492 2097 enim
515 2040 625 2099 attinet
641 2032 687 2099 ‘ad
712 2040 891 2100 Callimachi
916 2040 954 2100 de
978 2042 1143 2101 Homerica
1164 2042 1253 2121 poesi
1275 2062 1328 2120 pa·

209 2161 274 2200 rum
295 2140 495 2200 honorificum
516 2140 676 2216 iudicium,
707 2163 822 2202 summo
845 2142 970 2202 brachio
997 2144 1078 2201 hanc
1100 2163 1237 2202 caussam
1261 2144 1328 2202 atti·

141 2233 144 2238 ’
209 2243 254 2319 git
274 2242 473 2314 Welckerus,
504 2242 559 2301 sed
583 2244 626 2301 ita
648 2252 681 2302 ut
703 2245 888 2303 contrarium
916 2244 1056 2304 studeret
1083 2244 1237 2304 evincere.
1282 2247 1330 2303 cui

209 2363 315 2402 ansam
342 2343 485 2422 praebuit
513 2343 741 2405 celeberrimum
765 2345 945 2406 Callimachi
973 2347 1161 2426 epigramma
1182 2346 1330 2406 XXVIII

211 2443 260 2503 ed.
283 2445 421 2506 Meinek.

356 2587 504 2673 Ἐχθαίρω
523 2585 557 2654 τὸ
579 2595 691 2673 ποίημα
714 2591 745 2656 cd
767 2591 926 2671 κακίικόν,
950 2588 1019 2658 οὐδὲ
1041 2592 1177 2680 κελεύθῳ

401 2696 495 2774 χαίρω
516 2695 561 2768 τίς
583 2689 710 2770 πολλοὺς
733 2683 789 2758 cide
812 2697 863 2758 καί
885 2684 942 2758 ὦδε
961 2697 1054 2775 φέρει.

359 2798 435 2874 μισῶ
457 2796 508 2857 καί
527 2798 703 2876 περίφοιτον
725 2795 889 2877 ἐρώμενον,
912 2791 978 2857 οὐδ’
1001 2789 1060 2858 ἀπὸ
1082 2796 1195 2876 κρήνης

402 2899 489 2961 πίνω.
523 2900 665 2978 σικχαίνω
687 2892 784 2960 πάντα
806 2891 841 2960 cci
865 2895 999 2977 δημόσια.
1012 2897 1037 2978 ¹)

277 3153 295 3217 ¹)
314 3155 345 3205 V.
360 3157 375 3202 2
395 3154 465 3204 coni.
480 3152 666 3203 Blomfieldius
685 3151 774 3218 χαίρω
793 3146 837 3218 tri.
858 3159 886 3204 at
904 3171 981 3204 novas
999 3156 1039 3204 vel
1056 3155 1157 3202 articuli
1174 3155 1214 3202 vel
1230 3170 1326 3217 prono-

206 3241 277 3288 minis
292 3240 390 3300 formas
409 3241 551 3302 constrepere
569 3240 660 3287 nemini
677 3241 742 3297 licet,
762 3256 793 3288 ne
811 3242 932 3303 episcopo
950 3240 1049 3304 quidem
1061 3239 1225 3293 Londinensi,
1244 3242 1274 3286 ut
1287 3239 1327 3288 ait

208 3322 394 3388 Goettlingius
412 3322 446 3371 de
465 3322 547 3372 duob.
567 3320 676 3374 Callim.
697 3323 783 3388 epigr.
801 3324 872 3386 (ind.
892 3324 970 3373 lectt.
988 3325 1051 3374 den.
1072 3328 1141 3373 aest.
1161 3322 1239 3386 1857)
1257 3340 1282 3388 p.
1302 3325 1326 3376 6.

205 3407 361 3456 Meinekius
380 3407 518 3471 optionem
537 3406 585 3456 dat
602 3408 675 3457 inter
687 3407 777 3472 χαίρω
795 3399 855 3466 ὅτις
873 3400 960 3466 λαούς
979 3413 1007 3457 et
1026 3405 1116 3472 χαίρω
1135 3394 1154 3472 ἢ
1173 3399 1240 3465 τοὺς
1259 3408 1325 3458 ποί-

207 3482 283 3552 ioris,
309 3507 421 3555 quorum
440 3492 516 3556 prius
534 3492 624 3557 magis
643 3493 825 3542 commendat.
864 3494 944 3542 omisi
964 3497 1055 3542 autem
1074 3493 1121 3557 qui
1140 3493 1327 3558 adiunguntur

207 3577 235 3624 in
255 3576 350 3626 codice
370 3574 500 3626 Palatino
518 3591 628 3627 versus:

339 3695 483 3759 Δασανίη,
502 3687 537 3746 σύ
556 3687 589 3744 di
607 3693 686 3760 ναίχι
704 3687 792 3753 καλὰς
810 3689 905 3754 καλός.
928 3685 1002 3744 oillei
1018 3688 1088 3758 πρίν
1106 3687 1201 3744 εἰπεῖν

374 3775 457 3830 τοῦτο
477 3775 583 3843 σαφῶς,
602 3768 661 3844 ἠχώ
681 3777 754 3845 φησί
770 3795 813 3838 τις
832 3769 925 3837 ‘iiiios
945 3771 1028 3843 ἔχει’.

206 3899 291 3945 totum
320 3897 392 3946 enim
420 3897 473 3947 hoc
501 3896 637 3949 distichon
670 3897 735 3948 hinc
763 3898 893 3948 alienum.
934 3897 1013 3946 cuius
1038 3896 1124 3947 iudici
1151 3897 1255 3948 socium
1282 3913 1325 3948 me

206 3981 358 4045 Hauptium
375 3981 480 4031 habere
499 3996 532 4030 ex
550 3980 675 4032 Mcineki
694 3982 815 4031 editione
833 3981 918 4043 disco,
938 3996 1103 4047 quamquam
1121 3997 1173 4032 nec
1193 3997 1225 4032 eo
1244 3997 1323 4047 quem

206 4063 252 4115 ille
271 4065 377 4115 indicat
398 4064 533 4131 philologi
550 4065 613 4116 loeo
631 4066 771 4130 Hauptius
788 4065 839 4117 hos
857 4066 992 4116 tractavit
1010 4081 1119 4129 versus,
1144 4082 1195 4116 nec
1215 4067 1324 4116 omnino

207 4149 317 4199 videtur
332 4153 480 4199 tractasse.
512 4147 637 4199 efficiunt
656 4155 748 4199 autem
767 4149 810 4198 illi
827 4151 964 4216 integrum
980 4151 1149 4216 epigramma
1161 4151 1230 4201 licet
1242 4150 1323 4202 valde

207 4233 354 4297 turbatum,
374 4233 444 4298 quod
462 4248 514 4297 quo
533 4233 612 4283 modo
625 4233 707 4282 nohis
719 4234 847 4284 videatur
859 4235 1066 4298 restituendum,
1087 4235 1142 4285 alio
1156 4235 1217 4286 loco
1230 4233 1323 4283 decla·

206 4317 335 4367 rabimus.
370 4322 492 4366 ceterum
516 4316 602 4366 etiam
624 4317 749 4368 Neekius
767 4319 836 4371 Hec.
854 4337 880 4385 p.
900 4323 930 4370 13
949 4324 1077 4384 quattuor
1097 4324 1203 4370 tantum
1226 4331 1322 4368 versus

207 4402 321 4466 apponit
339 4401 435 4450 ultimo
453 4401 571 4451 disticho
590 4401 677 4452 tacite
696 4403 805 4453 omisso.
865 4433 870 4441 ·
