3254 5158
649 463 857 594 1²⁷*

193 637 250 699 bit.
293 639 326 699 hi
350 638 447 714 enim,
472 635 555 720 quod
579 647 644 699 erat
666 639 935 720 simplicissimum,
965 647 1103 699 notatum
1125 648 1311 719 putaverunt

193 753 332 802 veterem
354 742 474 822 cyclum
506 743 627 821 epicum
656 761 695 801 ex
716 741 810 802 Wolfi
838 741 995 802 sententia
1017 761 1036 799 a
1058 741 1217 802 Pisistrato
1240 762 1311 802 con·

194 822 360 904 cinnatum.
405 861 467 924 qua
490 842 529 903 de
550 862 584 903 re
607 861 702 922 grave
725 862 807 903 nunc
829 843 958 903 accessit
980 844 1166 921 grammatici
1191 844 1310 923 antiqui

192 943 416 1018 testimonium,
455 943 538 1024 quod
572 945 749 1004 chutinetur
783 964 849 1003 cum
882 944 1024 1004 Parisino
1056 940 1123 1022 περὶ
1156 941 1311 1026 κωμῳδίας

194 1047 443 1108 commentariolo
471 1055 535 1107 tum
557 1046 692 1108 Taetzae
721 1047 837 1106 scholio
865 1046 898 1104 in
921 1045 1161 1125 Aristophanem
1182 1045 1311 1107 Ambro-

193 1149 293 1208 siano.
325 1168 396 1208 nam
418 1157 532 1208 certum
554 1156 675 1208 nosmet
697 1148 844 1208 habemus
861 1147 998 1208 Crameri
1020 1149 1180 1208 inventum
1202 1156 1312 1228 postea

193 1272 213 1311 a
235 1251 348 1311 Rothio
372 1269 494 1330 quoque
517 1251 648 1310 in‘mus.
664 1251 765 1310 Rhea.
782 1273 813 1309 n.
828 1251 893 1311 VII
914 1271 946 1330 p.
964 1257 1014 1312 135
1036 1269 1106 1331 sqq.
1130 1251 1311 1330 explicatius

193 1351 453 1426 commendatum,
479 1351 561 1433 quod
583 1352 616 1410 in
639 1342 856 1430 talaopmttov
877 1352 929 1412 vel
951 1346 998 1410 ἐπὶ
1021 1354 1158 1428 amarrico
1179 1352 1232 1411 ille
1248 1346 1310 1409 ἐπι-

192 1445 251 1512 κὸν
272 1447 385 1514 κύκλον
408 1452 486 1513 dixit
506 1454 614 1514 latere.

278 1591 345 1650 Iam
366 1589 491 1668 longam
513 1609 550 1650 ac
571 1590 729 1670 spinosam
751 1587 887 1648 athoud
909 1587 1129 1666 infructuosam
1145 1589 1227 1647 viam
1242 1609 1311 1667 per·

192 1693 294 1751 nlensi
316 1690 450 1751 redimus
474 1690 514 1751 ad
537 1687 631 1751 Ovidi
655 1711 707 1750 eos
729 1683 851 1764 tersus,
882 1710 901 1748 a
923 1689 1032 1770 quibus
1058 1690 1187 1768 primurn
1210 1691 1311 1749 exorsi

193 1814 306 1853 sumus.
341 1812 417 1872 quos
439 1791 493 1852 ubi
514 1811 597 1851 nunc
618 1793 804 1872 relegemus,
826 1789 910 1852 haud
932 1791 1035 1871 paullo
1059 1792 1170 1851 clarius
1192 1791 1312 1851 illomm

192 1901 335 1974 patescet
356 1893 403 1953 vis
426 1913 462 1953 ac
484 1894 629 1972 gravitas.

280 2030 391 2110 Itaque
413 2028 579 2109 Cydippae
601 2029 765 2107 imaginem
786 2030 875 2088 utin
897 2029 1003 2109 primis
1025 2037 1141 2108 aptam,
1166 2048 1227 2108 qua
1242 2027 1311 2088 Cal·

191 2131 363 2191 limacheae
386 2131 490 2209 poesis
512 2132 676 2210 singularis
706 2132 803 2190 forma
831 2138 925 2211 atque
953 2129 1074 2190 indoles
1098 2119 1310 2209 repraesente-

191 2242 258 2306 tur,
288 2253 379 2312 quam
399 2233 467 2291 fieri
489 2233 586 2311 possit
609 2233 835 2292 accuratissime
858 2234 1046 2311 suscepimus
1068 2232 1310 2292 instaurandam.

192 2335 320 2394 fortuna
341 2343 443 2394 autem
465 2333 578 2394 accidit
600 2334 748 2413 propitia,
771 2335 853 2394 utin
869 2334 933 2394 eius
949 2337 1114 2413 poematis,
1138 2333 1221 2414 quod
1236 2341 1312 2393 tam-

193 2455 286 2516 quam
307 2435 437 2496 inlustre
461 2437 620 2514 exemplar
649 2444 898 2496 commemoratur
919 2437 1028 2514 ingeni
1049 2434 1230 2509 Battiadae,
1260 2455 1311 2495 ex-

191 2537 298 2597 tremis
322 2539 412 2618 quasi
433 2537 629 2597 lineamentis
658 2537 843 2597 suscitandis
871 2539 916 2598 uti
943 2537 1033 2598 nobis
1063 2538 1154 2598 liceat
1184 2537 1312 2601 ducibus

192 2640 349 2719 pergratis
371 2640 626 2699 Aristaeneto
651 2646 683 2698 et
705 2636 857 2699 Ovidio.

280 2773 328 2832 Ac
348 2793 477 2853 magnus
499 2775 560 2833 iam
574 2774 735 2834 Bentleius
750 2774 783 2831 in
799 2793 853 2833 sua
875 2760 1115 2852 fragmentorum
1131 2773 1313 2834 Callimachi

193 2876 389 2936 conlectione
411 2876 471 2948 duo
493 2877 681 2955 fragmenta,
711 2895 807 2936 unum
830 2873 1007 2955 Cydippam
1027 2893 1198 2935 memorans
1221 2872 1310 2953 (101),

192 2978 338 3063 alterum,
368 2978 401 3036 in
424 2999 484 3058 quo
505 2979 619 3038 Aconti
647 2997 759 3037 nomen
789 2977 873 3036 felici
900 2977 1070 3055 sagacitate
1093 2977 1160 3055 ipse
1184 2977 1313 3054 agnovit

192 3081 310 3159 primus
327 3076 416 3159 (102),
439 3100 502 3139 una
518 3100 585 3140 cum
600 3078 755 3139 Ovidiano
771 3079 825 3139 illo
845 3078 975 3150 disticho
993 3075 1048 3137 sub
1064 3078 1153 3138 titulo
1169 3076 1313 3152 Κυδίππη

194 3180 349 3255 exhibuit,
380 3179 476 3240 Ovidi
499 3180 698 3261 epistularum
719 3180 785 3239 XX
808 3188 839 3240 et
860 3179 943 3239 XXI
965 3178 1048 3238 haud
1070 3179 1123 3239 ille
1145 3180 1312 3239 immemor.

193 3279 358 3362 postmodo
374 3281 564 3343 Aristaeneti
587 3284 641 3363 qui
664 3282 774 3343 dicitur
797 3282 961 3361 epistulam
982 3283 999 3340 I
1021 3291 1063 3355 10,
1087 3301 1149 3362 qua
1169 3282 1312 3341 inlustra·

193 3392 266 3444 rent
282 3383 461 3444 Callimachi
481 3384 560 3462 frgg.
576 3391 619 3457 26,
638 3391 696 3456 169,
712 3391 773 3457 229,
797 3383 996 3444 adsciverunt
1017 3383 1183 3443 Piersonus
1205 3384 1313 3443 Ruhn-

193 3485 309 3545 kenius
325 3487 466 3564 Toupius
481 3485 717 3546 Valckenarius.
742 3493 772 3544 et
786 3485 1037 3545 Hemsterhusius
1061 3504 1184 3565 quoque
1205 3485 1237 3543 in
1259 3484 1313 3543 ad·

196 3585 310 3647 dendis
325 3586 365 3647 ad
380 3587 573 3667 Propertium
587 3588 851 3649 Burmannianum
872 3608 903 3667 p.
918 3595 971 3651 932
992 3587 1124 3646 monuit:
1147 3603 1217 3644 sana
1238 3589 1312 3644 noli-

194 3691 230 3746 lis
250 3697 290 3746 est
306 3697 424 3762 praeter·
446 3697 554 3747 ceteras
575 3695 658 3764 atque
679 3704 768 3748 aarea
789 3691 860 3746 loeo
881 3691 1006 3763 Epistola
1021 3689 1220 3764 (Aristaenetip
1242 3705 1313 3762 qaae

191 3797 345 3864 propterea
367 3794 480 3849 meroris
501 3797 541 3848 est
561 3795 693 3850 momenti
712 3794 926 3866 diligentiorique
947 3807 1019 3850 eura
1032 3793 1170 3864 perpoliri
1182 3797 1312 3860 meretur,

194 3894 270 3966 qaod
289 3909 327 3950 aa
350 3893 512 3951 Callimachi
532 3893 669 3968 Cydippe,
697 3896 857 3951 mutatissin
875 3893 1033 3966 pedestrem
1054 3896 1204 3950 orationem
1226 3895 1312 3950 cersi·

195 3994 247 4050 bras
267 4009 405 4067 cupresso
426 3997 552 4053 adeatur
573 4001 599 4052 et
620 4002 772 4052 contracta.
810 3994 907 4053 nihilo
930 3995 1027 4054 setius
1055 4001 1160 4053 nostro
1188 3992 1313 4052 saeculo

195 4094 272 4153 talia
292 4093 425 4155 Bachius
446 4095 590 4156 vendidit
611 4093 724 4155 Philet.
746 4116 779 4176 p.
802 4103 835 4158 15
857 4115 921 4177 sq.:
952 4097 1016 4154 Iam
1042 4113 1106 4154 cero
1133 4095 1196 4152 inde
1217 4113 1235 4151 a
1257 4095 1313 4150 Mi-

196 4199 317 4252 maermi
335 4199 416 4272 alapis
437 4201 593 4269 amatoriis,
618 4199 763 4256 Nanooais
784 4201 890 4256 amicae
911 4202 1020 4257 nomiae
1040 4200 1191 4270 inscriptis,
1213 4201 1312 4280 poeta-

197 4314 260 4353 rum
282 4299 463 4372 deplorarem
486 4302 632 4373 principes
653 4317 776 4374 quasque
791 4303 905 4374 puellae
925 4304 954 4356 in
976 4300 1144 4358 carminibus
1159 4298 1313 4370 plurimam

198 4398 352 4456 celebratae
383 4403 466 4475 quasi
494 4402 638 4458 maerere
664 4410 809 4476 poemata,
841 4405 904 4475 ipsa
935 4404 985 4459 illa
1017 4408 1131 4460 testatur
1159 4398 1316 4456 Antimaelu'
