3254 5158
662 423 873 484 ..13-

207 595 262 652 ire.
293 611 330 649 ac
350 591 402 650 vel
424 592 555 650 maxime
578 592 637 652 huc
659 594 746 668 facit,
772 595 853 673 quod
877 585 968 670 λεπτή
983 596 1093 656 dicitur
1107 597 1195 657 Arati
1210 600 1323 677 poesis,

207 693 292 753 unde
324 713 496 770 cognomen
524 694 570 753 illi
598 694 737 754 haesisse
765 696 888 755 videtur
904 693 939 774 ¹).
968 698 1007 756 cf.
1030 699 1116 758 anth.
1144 699 1179 756 P.
1203 699 1252 758 IX
1280 708 1323 760 25.

209 793 347 874 append.
364 801 399 856 70
422 794 569 853 admonet
592 780 693 854 autem
714 797 792 855 haec
807 799 876 876 ipsa
891 799 957 857 laus
978 798 1156 858 Callimachi
1170 802 1323 880 vitupera-

207 898 301 956 tionis
324 897 383 973 frg.
407 904 474 956 241:
508 888 598 971 Λύδη
621 892 672 954 καὶ
700 888 796 974 auxii
824 891 944 976 γράμμα
967 896 1017 958 καὶ
1046 887 1089 957 ori
1117 892 1243 977 τορόν,
1272 903 1324 960 vel

208 998 354 1076 Properti
377 1017 520 1056 versuum
542 999 572 1058 V
596 1008 621 1071 1,
642 1007 675 1061 61
699 1019 784 1078 eqq.:

361 1119 497 1174 Ennius
518 1117 660 1174 hirsuto
678 1121 770 1191 cinpat
790 1135 843 1176 sao
865 1121 937 1189 dicto
959 1139 1071 1177 corono.

402 1222 440 1273 mi
458 1219 527 1291 folio
549 1235 587 1275 ca
608 1220 712 1275 hedera
729 1225 859 1295 μοννίμι,
883 1223 1011 1293 Bocche,
1035 1230 1096 1291 tao,

359 1328 388 1376 at
409 1323 509 1376 nostris
531 1321 678 1393 tumefacta
700 1323 842 1395 superbiat
868 1324 979 1380 Vmbria
1002 1327 1086 1392 tiaris,

410 1419 521 1478 Vmbria
544 1423 665 1479 Romani
680 1427 777 1495 patrio
801 1426 1015 1482 Callimachi.

297 1552 402 1613 Obiter
423 1554 572 1613 rationem
594 1553 761 1614 habeamus
785 1558 1011 1636 epigrammatis
1026 1556 1219 1635 Antiphanei
1238 1561 1322 1618 anth.

213 1655 248 1712 P.
271 1655 319 1712 XI
340 1663 405 1717 322:

361 1773 580 1850 Γραμματικών
602 1772 741 1851 περίεργα
763 1771 851 1852 γένη,
874 1765 1021 1854 ριζῶρνχα
1043 1767 1172 1852 Μούσης

400 1864 569 1952 ιἰλλοτρίης,
591 1865 707 1952 ἀτυχεῖς
728 1875 813 1952 οῆτες
834 1864 1057 1954 ἆνανθοβιὶτνι,

359 1973 418 2032 τῶν
439 1969 609 2054 μεγάλων
632 1976 766 2052 κηλῖδος,
790 1965 835 2036 ἐπ’
857 1965 1011 2060 Ἠρίννη
1034 1974 1071 2037 δὲ
1093 1980 1258 2057 κομῶντες,

402 2075 504 2152 πικροὶ
526 2074 577 2136 καὶ
600 2075 681 2155 ξηροὶ
704 2076 943 2156 Καλλιμάχου
963 2073 1123 2159 πρόκυνες,

359 2178 492 2254 ποιητῶν
515 2179 624 2257 λῶβαι,
646 2177 749 2238 παισὶν
771 2174 860 2257 κόρος
881 2169 1103 2260 ἀρχομένοισιν,

403 2271 510 2358 ἔρροιτ’
535 2269 679 2356 εὐφώνων
701 2273 907 2360 λαθροδάκναι
928 2275 1035 2360 πόριες.

209 2415 271 2493 Qui
293 2417 386 2493 igitur
407 2418 596 2494 grammatici
627 2418 806 2478 Callimachi
829 2427 900 2478 sunt
919 2417 1040 2493 τουτο,
1072 2419 1173 2479 cidem
1200 2422 1322 2480 maioris

210 2519 380 2595 argumenti
403 2518 595 2599 ambitusque
618 2521 753 2579 carmina
770 2519 953 2592 detrectant,
976 2519 1115 2579 Erinnae
1132 2531 1239 2581 contra
1254 2543 1322 2582 ver·

210 2613 308 2693 sibus,
339 2640 415 2699 quos
441 2639 613 2699 perpaucos
641 2621 736 2681 fuisse
763 2630 897 2695 constat,
926 2620 1105 2699 gloriantur.
1150 2626 1212 2682 alia
1241 2625 1323 2682 enim

208 2741 350 2781 versuum
365 2732 382 2784 3
398 2729 429 2780 et
442 2729 461 2781 4
475 2723 632 2781 sententia
655 2743 723 2781 csse
746 2743 810 2782 non
833 2715 959 2802 potest.¹
980 2731 1073 2801 atque
1096 2725 1243 2782 convenit
1264 2726 1323 2783 hoc

211 2824 333 2901 egregia
356 2824 388 2882 in
413 2821 593 2882 Callimachi
615 2824 760 2882 iudicium
783 2832 814 2881 et
835 2823 995 2881 rationem.
1030 2823 1092 2879 iam
1114 2843 1180 2880 cum
1203 2843 1321 2902 anony-

210 2944 273 2983 mus
303 2924 427 3004 quidam
439 2919 465 3001 ²)
497 2926 557 2984 hoc
585 2925 676 2983 modo
699 2924 851 2982 Erinnam
880 2931 1036 3001 comparet
1064 2942 1131 2980 cum
1158 2925 1321 2983 Homero

210 3025 293 3108 anth.
317 3027 352 3085 P.
375 3025 424 3085 IX
448 3035 499 3090 190

359 3124 391 3183 ολ
411 3119 627 3203 dispensabatur
650 3120 757 3203 ταύτης
778 3123 871 3201 στίχοι
893 3117 952 3183 ἶσοι
970 3116 1100 3207 Ὁμήρῳ,

401 3228 454 3304 τῆς
475 3225 526 3286 καλ
548 3228 735 3305 παρθενικῆς
757 3223 1045 3302 ἕννεακοιιδεκὲτενς,

275 3432 295 3497 ¹)
313 3434 375 3484 Nisi
392 3433 463 3482 forte
483 3432 518 3481 ad
534 3431 623 3496 ipsum
635 3431 747 3483 Aratum
766 3429 859 3494 aliquo
878 3430 956 3480 modo
969 3430 1037 3479 illud
1049 3430 1130 3483 redit.
1149 3431 1185 3481 cf.
1198 3432 1323 3484 Meincki

208 3518 344 3568 vindicias
371 3517 460 3568 Strab.
488 3532 514 3581 p.
539 3517 586 3566 181
611 3532 666 3580 aq.,
695 3531 777 3580 quam
804 3515 1016 3581 disputationem
1043 3515 1139 3581 supple
1168 3531 1201 3565 ax
1223 3516 1323 3571 Athen.

208 3603 272 3653 XIV
289 3604 339 3652 619
349 3618 373 3652 a.

274 3686 295 3750 ²)
313 3685 493 3736 Benndorfius
521 3701 596 3736 meus
629 3686 662 3735 do
686 3685 761 3735 anth.
786 3684 832 3735 Gr.
858 3684 1064 3750 epigrammatis
1093 3699 1163 3748 quae
1188 3684 1223 3733 ad
1248 3690 1322 3736 artes

209 3775 337 3835 spectant
358 3786 384 3836 p.
404 3773 470 3821 ln.
490 3772 503 3819 1
524 3771 694 3836 epigramma
716 3770 789 3819 istud
812 3772 892 3834 putat
912 3770 1071 3833 prommatici
1091 3770 1219 3818 cuiusdam
1240 3770 1322 3831 fnisse

210 3857 317 3920 artiora,
334 3857 449 3919 fortasse
466 3857 546 3920 ipsias
559 3855 714 3905 Callimachi.
749 3857 779 3902 at
796 3853 880 3918 longo
897 3857 961 3917 post
972 3868 1002 3901 se
1014 3851 1162 3906 intervallo
1174 3852 1244 3902 illud
1255 3871 1320 3918 poe-

209 3940 321 3988 mation·
331 3940 489 4004 relinquunt
501 3938 683 3988 Callimachei
701 3939 830 3987 librorum
848 3937 931 3997 tituli,
950 3937 996 4000 qui
1012 3937 1173 4000 praenitent
1190 3937 1276 3988 densa
1294 3943 1322 3987 et

209 4028 291 4073 acuta
303 4024 443 4075 brevitate
458 4039 491 4072 ao
504 4023 623 4074 fortasse
637 4037 729 4072 omnes
744 4027 872 4085 quattuor
885 4035 1013 4073 versuum
1025 4019 1117 4070 orbem
1130 4037 1184 4070 non
1196 4035 1321 4074 excesse-

209 4112 278 4157 runt.
309 4124 362 4157 nec
379 4123 446 4158 vero
466 4122 527 4156 cum
547 4108 642 4156 eodem
661 4106 867 4171 affirmaverim,
885 4106 935 4156 illo
949 4105 1150 4156 Suidamusum
1164 4121 1233 4158 esse.
1257 4122 1321 4158 nam

208 4193 328 4256 pendent
344 4197 401 4241 tum
420 4206 571 4254 anonymus
590 4194 645 4240 tum
664 4191 763 4240 Suidas
782 4191 816 4240 ab
834 4191 1081 4240 Alexandrinorum
1099 4191 1172 4241 crisi.
1198 4197 1320 4258 ceterum

207 4277 412 4342 Antiphaneum
436 4277 607 4341 epigramma
631 4290 683 4339 quo
710 4278 794 4339 pacto
818 4275 946 4342 intellegi
969 4280 1067 4339 queat,
1098 4276 1152 4324 nisi
1174 4273 1321 4325 Benndorfl

209 4362 377 4428 amplectare
396 4362 429 4410 de
449 4363 545 4412 aetate
563 4360 686 4426 Eripnac
705 4361 884 4422 sententiam,
903 4360 976 4409 hauri
995 4373 1130 4423 quaquam
1150 4356 1279 4420 dispicio.
