<?xml version="1.0" encoding="UTF-8"?>
<!DOCTYPE html PUBLIC "-//W3C//DTD XHTML 1.0 Transitional//EN"
    "http://www.w3.org/TR/xhtml1/DTD/xhtml1-transitional.dtd">
<html xmlns="http://www.w3.org/1999/xhtml" xml:lang="en" lang="en">
 <head>
  <title>
</title>
<meta http-equiv="Content-Type" content="text/html;charset=utf-8" />
  <meta name='ocr-system' content='tesseract 3.04.00' />
  <meta name='ocr-capabilities' content='ocr_page ocr_carea ocr_par ocr_line ocrx_word'/>
</head>
<body>
  <div class='ocr_page' id='page_1' title='image "./decallimachicyd00diltgoog_0064.png"; bbox 0 0 3254 5158; ppageno 0'>
   <div class='ocr_carea' id='block_1_1' title="bbox 668 451 879 514">
    <p class='ocr_par' dir='ltr' id='par_1_1' title="bbox 668 451 879 514">
     <span class='ocr_line' id='line_1_1' title="bbox 668 451 879 514; baseline 0.005 -18"><span class='ocrx_word' id='word_1_1' title='bbox 668 451 879 514; x_wconf 67' lang='lat'>..49-</span> 
     </span>
    </p>
   </div>
   <div class='ocr_carea' id='block_1_2' title="bbox 141 622 1333 1212">
    <p class='ocr_par' dir='ltr' id='par_1_2' title="bbox 141 622 1333 1212">
     <span class='ocr_line' id='line_1_2' title="bbox 214 622 1332 706; baseline -0.002 -21"><span class='ocrx_word' id='word_1_2' title='bbox 214 645 305 706; x_wconf 88' lang='lat' dir='ltr'>quarn</span> <span class='ocrx_word' id='word_1_3' title='bbox 327 646 419 704; x_wconf 91' lang='lat' dir='ltr'>porro</span> <span class='ocrx_word' id='word_1_4' title='bbox 441 626 503 684; x_wconf 91' lang='lat' dir='ltr'>ima</span> <span class='ocrx_word' id='word_1_5' title='bbox 525 626 647 684; x_wconf 86' lang='lat' dir='ltr'>summis</span> <span class='ocrx_word' id='word_1_6' title='bbox 675 625 771 683; x_wconf 88' lang='lat' dir='ltr'>mixta</span> <span class='ocrx_word' id='word_1_7' title='bbox 799 632 869 684; x_wconf 91' lang='lat' dir='ltr'>sunt</span> <span class='ocrx_word' id='word_1_8' title='bbox 896 625 929 682; x_wconf 92' lang='lat' dir='ltr'>in</span> <span class='ocrx_word' id='word_1_9' title='bbox 951 622 1070 683; x_wconf 88' lang='lat' dir='ltr'>urbium</span> <span class='ocrx_word' id='word_1_10' title='bbox 1099 626 1332 684; x_wconf 82' lang='lat' dir='ltr'>enumeratione</span> 
     </span>
     <span class='ocr_line' id='line_1_3' title="bbox 214 725 1331 808; baseline -0.003 -21"><span class='ocrx_word' id='word_1_11' title='bbox 214 748 294 808; x_wconf 88' lang='lat' dir='ltr'>quae</span> <span class='ocrx_word' id='word_1_12' title='bbox 324 735 370 800; x_wconf 76' lang='lat' dir='ltr'>est</span> <span class='ocrx_word' id='word_1_13' title='bbox 398 728 445 788; x_wconf 93' lang='lat' dir='ltr'>VI</span> <span class='ocrx_word' id='word_1_14' title='bbox 471 735 522 788; x_wconf 77' lang='lat'>412</span> <span class='ocrx_word' id='word_1_15' title='bbox 552 747 620 806; x_wconf 88' lang='lat' dir='ltr'>sqq.</span> <span class='ocrx_word' id='word_1_16' title='bbox 651 734 682 785; x_wconf 96' lang='lat' dir='ltr'>et</span> <span class='ocrx_word' id='word_1_17' title='bbox 712 725 889 785; x_wconf 87' lang='lat' dir='ltr'>inordinata</span> <span class='ocrx_word' id='word_1_18' title='bbox 921 726 1014 784; x_wconf 90' lang='lat' dir='ltr'>etiam</span> <span class='ocrx_word' id='word_1_19' title='bbox 1043 725 1198 785; x_wconf 88' lang='lat' dir='ltr'>fluminum</span> <span class='ocrx_word' id='word_1_20' title='bbox 1236 727 1331 786; x_wconf 87' lang='lat' dir='ltr'>series</span> 
     </span>
     <span class='ocr_line' id='line_1_4' title="bbox 213 827 1331 908; baseline -0.004 -20"><span class='ocrx_word' id='word_1_21' title='bbox 213 830 303 891; x_wconf 77' lang='lat' dir='ltr'>Istc</span> <span class='ocrx_word' id='word_1_22' title='bbox 325 849 387 908; x_wconf 91' lang='lat' dir='ltr'>sq.,</span> <span class='ocrx_word' id='word_1_23' title='bbox 413 836 505 907; x_wconf 89' lang='lat' dir='ltr'>atque</span> <span class='ocrx_word' id='word_1_24' title='bbox 528 827 696 887; x_wconf 89' lang='lat' dir='ltr'>insularum</span> <span class='ocrx_word' id='word_1_25' title='bbox 718 828 782 888; x_wconf 90' lang='lat' dir='ltr'>VII</span> <span class='ocrx_word' id='word_1_26' title='bbox 804 834 851 890; x_wconf 81' lang='grc'><strong>461</strong></span> <span class='ocrx_word' id='word_1_27' title='bbox 878 847 947 907; x_wconf 87' lang='lat' dir='ltr'>sqq.</span> <span class='ocrx_word' id='word_1_28' title='bbox 969 847 1169 908; x_wconf 81' lang='lat' dir='ltr'>quamquam</span> <span class='ocrx_word' id='word_1_29' title='bbox 1192 827 1331 886; x_wconf 83' lang='lat' dir='ltr'>fortassis</span> 
     </span>
     <span class='ocr_line' id='line_1_5' title="bbox 213 928 1333 1009; baseline -0.002 -21"><span class='ocrx_word' id='word_1_30' title='bbox 213 937 321 1009; x_wconf 89' lang='lat' dir='ltr'>poeta,</span> <span class='ocrx_word' id='word_1_31' title='bbox 347 929 430 1009; x_wconf 89' lang='lat' dir='ltr'>quod</span> <span class='ocrx_word' id='word_1_32' title='bbox 460 928 645 988; x_wconf 86' lang='lat' dir='ltr'>adversum</span> <span class='ocrx_word' id='word_1_33' title='bbox 672 929 759 988; x_wconf 92' lang='lat' dir='ltr'>illum</span> <span class='ocrx_word' id='word_1_34' title='bbox 787 929 940 1007; x_wconf 81' lang='lat' dir='ltr'>pertinet,</span> <span class='ocrx_word' id='word_1_35' title='bbox 964 928 1106 988; x_wconf 87' lang='lat' dir='ltr'>immunis</span> <span class='ocrx_word' id='word_1_36' title='bbox 1128 928 1290 988; x_wconf 89' lang='lat' dir='ltr'>habendus</span> <span class='ocrx_word' id='word_1_37' title='bbox 1314 948 1333 986; x_wconf 89' lang='lat' dir='ltr'>a</span> 
     </span>
     <span class='ocr_line' id='line_1_6' title="bbox 141 1028 1331 1116; baseline -0.001 -26"><span class='ocrx_word' id='word_1_38' title='bbox 141 1095 152 1116; x_wconf 40' lang='lat'><em>⁶</em></span> <span class='ocrx_word' id='word_1_39' title='bbox 213 1032 433 1109; x_wconf 81' lang='lat' dir='ltr'>neglegentiae</span> <span class='ocrx_word' id='word_1_40' title='bbox 449 1031 591 1104; x_wconf 90' lang='lat' dir='ltr'>crimine,</span> <span class='ocrx_word' id='word_1_41' title='bbox 617 1032 643 1090; x_wconf 92' lang='lat' dir='ltr'>si</span> <span class='ocrx_word' id='word_1_42' title='bbox 660 1031 784 1110; x_wconf 89' lang='lat' dir='ltr'>quidem</span> <span class='ocrx_word' id='word_1_43' title='bbox 801 1031 883 1107; x_wconf 81' lang='lat' dir='ltr'>exigi</span> <span class='ocrx_word' id='word_1_44' title='bbox 898 1030 951 1089; x_wconf 91' lang='lat' dir='ltr'>ille</span> <span class='ocrx_word' id='word_1_45' title='bbox 974 1038 1078 1109; x_wconf 87' lang='lat' dir='ltr'>potest</span> <span class='ocrx_word' id='word_1_46' title='bbox 1100 1028 1141 1088; x_wconf 86' lang='lat' dir='ltr'>ad</span> <span class='ocrx_word' id='word_1_47' title='bbox 1165 1029 1331 1090; x_wconf 89' lang='lat' dir='ltr'>consimilis</span> 
     </span>
     <span class='ocr_line' id='line_1_7' title="bbox 212 1131 1076 1212; baseline 0 -21"><span class='ocrx_word' id='word_1_48' title='bbox 212 1134 341 1192; x_wconf 89' lang='lat' dir='ltr'>rationis</span> <span class='ocrx_word' id='word_1_49' title='bbox 366 1134 555 1212; x_wconf 86' lang='lat' dir='ltr'>exemplum,</span> <span class='ocrx_word' id='word_1_50' title='bbox 581 1131 664 1212; x_wconf 91' lang='lat' dir='ltr'>quod</span> <span class='ocrx_word' id='word_1_51' title='bbox 688 1140 734 1191; x_wconf 90' lang='lat' dir='ltr'>est</span> <span class='ocrx_word' id='word_1_52' title='bbox 756 1139 827 1192; x_wconf 88' lang='lat' dir='ltr'>met.</span> <span class='ocrx_word' id='word_1_53' title='bbox 851 1133 933 1192; x_wconf 91' lang='lat' dir='ltr'>VIII</span> <span class='ocrx_word' id='word_1_54' title='bbox 955 1140 1007 1194; x_wconf 77' lang='lat'>220</span> <span class='ocrx_word' id='word_1_55' title='bbox 1029 1152 1076 1212; x_wconf 89' lang='lat' dir='ltr'>sq.</span> 
     </span>
    </p>
   </div>
   <div class='ocr_carea' id='block_1_3' title="bbox 293 1287 1266 1462">
    <p class='ocr_par' dir='ltr' id='par_1_3' title="bbox 293 1287 1266 1462">
     <span class='ocr_line' id='line_1_8' title="bbox 885 1287 1242 1344; baseline 0 -2"><span class='ocrx_word' id='word_1_56' title='bbox 885 1293 913 1342; x_wconf 81' lang='lat' dir='ltr'>et</span> <span class='ocrx_word' id='word_1_57' title='bbox 933 1290 991 1342; x_wconf 81' lang='lat' dir='ltr'>iam</span> <span class='ocrx_word' id='word_1_58' title='bbox 1013 1287 1139 1343; x_wconf 80' lang='lat' dir='ltr'>Iunonia</span> <span class='ocrx_word' id='word_1_59' title='bbox 1161 1289 1242 1344; x_wconf 87' lang='lat' dir='ltr'>laeva</span> 
     </span>
     <span class='ocr_line' id='line_1_9' title="bbox 293 1387 1266 1462; baseline 0.003 -17"><span class='ocrx_word' id='word_1_60' title='bbox 293 1396 382 1462; x_wconf 86' lang='lat' dir='ltr'>parte</span> <span class='ocrx_word' id='word_1_61' title='bbox 405 1387 527 1458; x_wconf 83' lang='lat' dir='ltr'>Samos</span> <span class='ocrx_word' id='word_1_62' title='bbox 546 1387 663 1460; x_wconf 82' lang='lat' dir='ltr'>fuerat,</span> <span class='ocrx_word' id='word_1_63' title='bbox 686 1389 871 1462; x_wconf 81' lang='lat' dir='ltr'>Delosque</span> <span class='ocrx_word' id='word_1_64' title='bbox 893 1388 1082 1460; x_wconf 85' lang='lat' dir='ltr'>Parosque</span> <span class='ocrx_word' id='word_1_65' title='bbox 1104 1391 1232 1446; x_wconf 80' lang='lat' dir='ltr'>relictae.</span> <span class='ocrx_word' id='word_1_66' title='bbox 1264 1444 1266 1448; x_wconf 89' lang='lat'>.</span> 
     </span>
    </p>
   </div>
   <div class='ocr_carea' id='block_1_4' title="bbox 213 1539 1332 2330">
    <p class='ocr_par' dir='ltr' id='par_1_4' title="bbox 213 1539 1332 2231">
     <span class='ocr_line' id='line_1_10' title="bbox 215 1539 1332 1620; baseline -0.001 -21"><span class='ocrx_word' id='word_1_67' title='bbox 215 1559 294 1620; x_wconf 91' lang='lat' dir='ltr'>quae</span> <span class='ocrx_word' id='word_1_68' title='bbox 316 1540 437 1599; x_wconf 90' lang='lat' dir='ltr'>insulae</span> <span class='ocrx_word' id='word_1_69' title='bbox 459 1547 543 1599; x_wconf 88' lang='lat' dir='ltr'>recto</span> <span class='ocrx_word' id='word_1_70' title='bbox 566 1540 678 1599; x_wconf 90' lang='lat' dir='ltr'>itinere</span> <span class='ocrx_word' id='word_1_71' title='bbox 699 1539 882 1619; x_wconf 81' lang='lat' dir='ltr'>procedenti</span> <span class='ocrx_word' id='word_1_72' title='bbox 905 1540 949 1598; x_wconf 90' lang='lat' dir='ltr'>sic</span> <span class='ocrx_word' id='word_1_73' title='bbox 972 1547 1060 1598; x_wconf 89' lang='lat' dir='ltr'>erant</span> <span class='ocrx_word' id='word_1_74' title='bbox 1081 1539 1332 1618; x_wconf 88' lang='lat' dir='ltr'>percensendae:</span> 
     </span>
     <span class='ocr_line' id='line_1_11' title="bbox 213 1641 1332 1721; baseline 0 -23"><span class='ocrx_word' id='word_1_75' title='bbox 213 1644 321 1711; x_wconf 87' lang='lat' dir='ltr'>Paros,</span> <span class='ocrx_word' id='word_1_76' title='bbox 344 1644 444 1710; x_wconf 86' lang='lat' dir='ltr'>Delos,</span> <span class='ocrx_word' id='word_1_77' title='bbox 469 1642 581 1699; x_wconf 87' lang='lat' dir='ltr'>Samos.</span> <span class='ocrx_word' id='word_1_78' title='bbox 612 1661 796 1721; x_wconf 88' lang='lat' dir='ltr'>quamquam</span> <span class='ocrx_word' id='word_1_79' title='bbox 810 1642 868 1701; x_wconf 92' lang='lat' dir='ltr'>hoc</span> <span class='ocrx_word' id='word_1_80' title='bbox 891 1661 967 1700; x_wconf 89' lang='lat' dir='ltr'>sane</span> <span class='ocrx_word' id='word_1_81' title='bbox 989 1641 1056 1700; x_wconf 91' lang='lat' dir='ltr'>loco</span> <span class='ocrx_word' id='word_1_82' title='bbox 1080 1641 1184 1719; x_wconf 88' lang='lat' dir='ltr'>paullo</span> <span class='ocrx_word' id='word_1_83' title='bbox 1207 1641 1332 1719; x_wconf 88' lang='lat' dir='ltr'>planior</span> 
     </span>
     <span class='ocr_line' id='line_1_12' title="bbox 215 1738 1331 1828; baseline 0 -26"><span class='ocrx_word' id='word_1_84' title='bbox 215 1763 250 1802; x_wconf 91' lang='lat' dir='ltr'>eo</span> <span class='ocrx_word' id='word_1_85' title='bbox 273 1763 323 1803; x_wconf 90' lang='lat' dir='ltr'>res</span> <span class='ocrx_word' id='word_1_86' title='bbox 347 1751 407 1817; x_wconf 90' lang='lat' dir='ltr'>est,</span> <span class='ocrx_word' id='word_1_87' title='bbox 433 1742 516 1823; x_wconf 90' lang='lat' dir='ltr'>quod</span> <span class='ocrx_word' id='word_1_88' title='bbox 531 1743 628 1828; x_wconf 88' lang='lat' dir='ltr'>Delos</span> <span class='ocrx_word' id='word_1_89' title='bbox 644 1744 803 1823; x_wconf 90' lang='lat' dir='ltr'>Parosque</span> <span class='ocrx_word' id='word_1_90' title='bbox 826 1742 969 1802; x_wconf 88' lang='lat' dir='ltr'>dicuntur</span> <span class='ocrx_word' id='word_1_91' title='bbox 990 1743 1117 1802; x_wconf 88' lang='lat' dir='ltr'>relictae</span> <span class='ocrx_word' id='word_1_92' title='bbox 1127 1738 1161 1818; x_wconf 85' lang='lat'>¹).</span> <span class='ocrx_word' id='word_1_93' title='bbox 1193 1741 1331 1822; x_wconf 90' lang='lat' dir='ltr'>denique</span> 
     </span>
     <span class='ocr_line' id='line_1_13' title="bbox 213 1844 1331 1923; baseline 0 -20"><span class='ocrx_word' id='word_1_94' title='bbox 213 1854 246 1904; x_wconf 91' lang='lat' dir='ltr'>ut</span> <span class='ocrx_word' id='word_1_95' title='bbox 269 1846 370 1904; x_wconf 89' lang='lat' dir='ltr'>omnia</span> <span class='ocrx_word' id='word_1_96' title='bbox 386 1844 658 1923; x_wconf 89' lang='lat' dir='ltr'>comprehendam,</span> <span class='ocrx_word' id='word_1_97' title='bbox 683 1844 845 1904; x_wconf 87' lang='lat' dir='ltr'>difficultas</span> <span class='ocrx_word' id='word_1_98' title='bbox 862 1845 1019 1904; x_wconf 90' lang='lat' dir='ltr'>nominum</span> <span class='ocrx_word' id='word_1_99' title='bbox 1033 1846 1066 1904; x_wconf 93' lang='lat' dir='ltr'>in</span> <span class='ocrx_word' id='word_1_100' title='bbox 1082 1865 1203 1904; x_wconf 89' lang='lat' dir='ltr'>versum</span> <span class='ocrx_word' id='word_1_101' title='bbox 1219 1865 1331 1922; x_wconf 89' lang='lat' dir='ltr'>cogen-</span> 
     </span>
     <span class='ocr_line' id='line_1_14' title="bbox 216 1926 1330 2025; baseline 0 -20"><span class='ocrx_word' id='word_1_102' title='bbox 216 1947 320 2006; x_wconf 87' lang='lat' dir='ltr'>dorum</span> <span class='ocrx_word' id='word_1_103' title='bbox 344 1954 472 2025; x_wconf 70' lang='lat' dir='ltr'>poetam</span> <span class='ocrx_word' id='word_1_104' title='bbox 490 1946 682 2024; x_wconf 86' lang='lat' dir='ltr'>permovisse</span> <span class='ocrx_word' id='word_1_105' title='bbox 697 1946 839 2018; x_wconf 84' lang='lat' dir='ltr'>videtur,</span> <span class='ocrx_word' id='word_1_106' title='bbox 862 1955 896 2005; x_wconf 87' lang='lat' dir='ltr'>ut</span> <span class='ocrx_word' id='word_1_107' title='bbox 917 1946 969 2005; x_wconf 82' lang='lat' dir='ltr'>vel</span> <span class='ocrx_word' id='word_1_108' title='bbox 992 1926 1099 2023; x_wconf 77' lang='lat' dir='ltr'>ageret</span> <span class='ocrx_word' id='word_1_109' title='bbox 1121 1947 1220 2005; x_wconf 92' lang='lat' dir='ltr'>minus</span> <span class='ocrx_word' id='word_1_110' title='bbox 1244 1966 1330 2005; x_wconf 88' lang='lat' dir='ltr'>accu-</span> 
     </span>
     <span class='ocr_line' id='line_1_15' title="bbox 214 2046 1331 2128; baseline 0 -22"><span class='ocrx_word' id='word_1_111' title='bbox 214 2057 278 2106; x_wconf 90' lang='lat' dir='ltr'>rate</span> <span class='ocrx_word' id='word_1_112' title='bbox 301 2048 367 2121; x_wconf 89' lang='lat' dir='ltr'>vel,</span> <span class='ocrx_word' id='word_1_113' title='bbox 402 2046 485 2128; x_wconf 89' lang='lat' dir='ltr'>quod</span> <span class='ocrx_word' id='word_1_114' title='bbox 512 2048 579 2106; x_wconf 82' lang='lat' dir='ltr'>veri</span> <span class='ocrx_word' id='word_1_115' title='bbox 601 2047 725 2106; x_wconf 88' lang='lat' dir='ltr'>videtur</span> <span class='ocrx_word' id='word_1_116' title='bbox 747 2049 888 2122; x_wconf 90' lang='lat' dir='ltr'>similius,</span> <span class='ocrx_word' id='word_1_117' title='bbox 918 2049 1153 2107; x_wconf 90' lang='lat' dir='ltr'>insolentiorem</span> <span class='ocrx_word' id='word_1_118' title='bbox 1176 2068 1235 2107; x_wconf 89' lang='lat' dir='ltr'>nee</span> <span class='ocrx_word' id='word_1_119' title='bbox 1251 2068 1331 2107; x_wconf 56' lang='lat' dir='ltr'>‘vero</span> 
     </span>
     <span class='ocr_line' id='line_1_16' title="bbox 214 2147 1214 2231; baseline 0 -23"><span class='ocrx_word' id='word_1_120' title='bbox 214 2150 275 2228; x_wconf 88' lang='lat' dir='ltr'>ipsi</span> <span class='ocrx_word' id='word_1_121' title='bbox 297 2147 412 2209; x_wconf 76' lang='lat' dir='ltr'>Ouidio</span> <span class='ocrx_word' id='word_1_122' title='bbox 436 2151 660 2231; x_wconf 80' lang='lat' dir='ltr'>inconsuetam</span> <span class='ocrx_word' id='word_1_123' title='bbox 672 2149 859 2210; x_wconf 87' lang='lat' dir='ltr'>adscisceret</span> <span class='ocrx_word' id='word_1_124' title='bbox 880 2149 1031 2229; x_wconf 90' lang='lat' dir='ltr'>loquendi</span> <span class='ocrx_word' id='word_1_125' title='bbox 1052 2150 1214 2209; x_wconf 88' lang='lat' dir='ltr'>rationem.</span> 
     </span>
    </p>

    <p class='ocr_par' dir='ltr' id='par_1_5' title="bbox 300 2249 1330 2330">
     <span class='ocr_line' id='line_1_17' title="bbox 300 2249 1330 2330; baseline 0.001 -21"><span class='ocrx_word' id='word_1_126' title='bbox 300 2251 366 2309; x_wconf 91' lang='lat' dir='ltr'>Iam</span> <span class='ocrx_word' id='word_1_127' title='bbox 382 2252 408 2310; x_wconf 89' lang='lat' dir='ltr'>si</span> <span class='ocrx_word' id='word_1_128' title='bbox 424 2252 578 2330; x_wconf 78' lang='lat' dir='ltr'>anquiren,</span> <span class='ocrx_word' id='word_1_129' title='bbox 592 2250 668 2330; x_wconf 90' lang='lat' dir='ltr'>quid</span> <span class='ocrx_word' id='word_1_130' title='bbox 683 2251 810 2310; x_wconf 88' lang='lat' dir='ltr'>tandem</span> <span class='ocrx_word' id='word_1_131' title='bbox 826 2252 927 2325; x_wconf 85' lang='lat' dir='ltr'>fuerit,</span> <span class='ocrx_word' id='word_1_132' title='bbox 952 2251 1034 2330; x_wconf 90' lang='lat' dir='ltr'>quod</span> <span class='ocrx_word' id='word_1_133' title='bbox 1048 2251 1211 2310; x_wconf 85' lang='lat' dir='ltr'>Acontium</span> <span class='ocrx_word' id='word_1_134' title='bbox 1224 2249 1330 2325; x_wconf 85' lang='lat' dir='ltr'>Oeum,</span> 
     </span>
    </p>
   </div>
   <div class='ocr_carea' id='block_1_5' title="bbox 214 2350 1439 2431">
    <p class='ocr_par' dir='ltr' id='par_1_6' title="bbox 214 2350 1439 2431">
     <span class='ocr_line' id='line_1_18' title="bbox 214 2350 1439 2431; baseline 0 -20"><span class='ocrx_word' id='word_1_135' title='bbox 214 2350 392 2431; x_wconf 83' lang='lat' dir='ltr'>Cydippam</span> <span class='ocrx_word' id='word_1_136' title='bbox 407 2352 632 2412; x_wconf 85' lang='lat' dir='ltr'>Atheniensem</span> <span class='ocrx_word' id='word_1_137' title='bbox 655 2373 722 2412; x_wconf 93' lang='lat' dir='ltr'>cum</span> <span class='ocrx_word' id='word_1_138' title='bbox 744 2354 806 2413; x_wconf 90' lang='lat' dir='ltr'>suis</span> <span class='ocrx_word' id='word_1_139' title='bbox 822 2353 935 2412; x_wconf 90' lang='lat' dir='ltr'>Delum</span> <span class='ocrx_word' id='word_1_140' title='bbox 957 2354 1046 2412; x_wconf 91' lang='lat' dir='ltr'>simul</span> <span class='ocrx_word' id='word_1_141' title='bbox 1069 2353 1249 2426; x_wconf 85' lang='lat' dir='ltr'>adduxerit,</span> <span class='ocrx_word' id='word_1_142' title='bbox 1272 2354 1330 2414; x_wconf 88' lang='lat' dir='ltr'>hoc</span> <span class='ocrx_word' id='word_1_143' title='bbox 1434 2412 1439 2421; x_wconf 61' lang='lat'>.</span> 
     </span>
    </p>
   </div>
   <div class='ocr_carea' id='block_1_6' title="bbox 212 2451 1331 3041">
    <p class='ocr_par' dir='ltr' id='par_1_7' title="bbox 212 2451 1331 3041">
     <span class='ocr_line' id='line_1_19' title="bbox 214 2451 1331 2535; baseline 0.002 -24"><span class='ocrx_word' id='word_1_144' title='bbox 214 2453 338 2532; x_wconf 91' lang='lat' dir='ltr'>quidem</span> <span class='ocrx_word' id='word_1_145' title='bbox 375 2473 413 2512; x_wconf 88' lang='lat' dir='ltr'>ex</span> <span class='ocrx_word' id='word_1_146' title='bbox 442 2451 604 2513; x_wconf 89' lang='lat' dir='ltr'>Ovidianis</span> <span class='ocrx_word' id='word_1_147' title='bbox 638 2475 702 2513; x_wconf 92' lang='lat' dir='ltr'>non</span> <span class='ocrx_word' id='word_1_148' title='bbox 731 2455 877 2514; x_wconf 88' lang='lat' dir='ltr'>continuo</span> <span class='ocrx_word' id='word_1_149' title='bbox 908 2455 1016 2535; x_wconf 90' lang='lat' dir='ltr'>liquet.</span> <span class='ocrx_word' id='word_1_150' title='bbox 1061 2463 1093 2513; x_wconf 88' lang='lat' dir='ltr'>at</span> <span class='ocrx_word' id='word_1_151' title='bbox 1121 2455 1199 2514; x_wconf 88' lang='lat' dir='ltr'>duae</span> <span class='ocrx_word' id='word_1_152' title='bbox 1228 2456 1331 2514; x_wconf 87' lang='lat' dir='ltr'>statim</span> 
     </span>
     <span class='ocr_line' id='line_1_20' title="bbox 212 2554 1331 2634; baseline 0 -20"><span class='ocrx_word' id='word_1_153' title='bbox 212 2575 261 2614; x_wconf 90' lang='lat' dir='ltr'>res</span> <span class='ocrx_word' id='word_1_154' title='bbox 284 2554 417 2614; x_wconf 89' lang='lat' dir='ltr'>subeunt</span> <span class='ocrx_word' id='word_1_155' title='bbox 440 2555 549 2614; x_wconf 91' lang='lat' dir='ltr'>eodem</span> <span class='ocrx_word' id='word_1_156' title='bbox 565 2556 745 2634; x_wconf 88' lang='lat' dir='ltr'>suspitionis</span> <span class='ocrx_word' id='word_1_157' title='bbox 768 2556 916 2615; x_wconf 88' lang='lat' dir='ltr'>ferentes.</span> <span class='ocrx_word' id='word_1_158' title='bbox 962 2557 1064 2615; x_wconf 91' lang='lat' dir='ltr'>solent</span> <span class='ocrx_word' id='word_1_159' title='bbox 1088 2557 1169 2615; x_wconf 91' lang='lat' dir='ltr'>enim</span> <span class='ocrx_word' id='word_1_160' title='bbox 1191 2557 1331 2615; x_wconf 87' lang='lat' dir='ltr'>amatorii</span> 
     </span>
     <span class='ocr_line' id='line_1_21' title="bbox 213 2657 1329 2736; baseline 0 -20"><span class='ocrx_word' id='word_1_161' title='bbox 213 2657 377 2736; x_wconf 82' lang='lat' dir='ltr'>scriptores</span> <span class='ocrx_word' id='word_1_162' title='bbox 399 2664 517 2715; x_wconf 90' lang='lat' dir='ltr'>tantum</span> <span class='ocrx_word' id='word_1_163' title='bbox 541 2677 605 2716; x_wconf 92' lang='lat' dir='ltr'>non</span> <span class='ocrx_word' id='word_1_164' title='bbox 629 2677 735 2717; x_wconf 89' lang='lat' dir='ltr'>ornnes</span> <span class='ocrx_word' id='word_1_165' title='bbox 753 2677 789 2716; x_wconf 90' lang='lat' dir='ltr'>eo</span> <span class='ocrx_word' id='word_1_166' title='bbox 811 2658 856 2716; x_wconf 90' lang='lat' dir='ltr'>uti</span> <span class='ocrx_word' id='word_1_167' title='bbox 872 2657 998 2716; x_wconf 88' lang='lat' dir='ltr'>artificio</span> <span class='ocrx_word' id='word_1_168' title='bbox 1024 2677 1062 2714; x_wconf 88' lang='lat' dir='ltr'>ex</span> <span class='ocrx_word' id='word_1_169' title='bbox 1085 2658 1167 2716; x_wconf 89' lang='lat' dir='ltr'>vitae</span> <span class='ocrx_word' id='word_1_170' title='bbox 1189 2667 1329 2716; x_wconf 86' lang='lat' dir='ltr'>veterum</span> 
     </span>
     <span class='ocr_line' id='line_1_22' title="bbox 213 2757 1329 2837; baseline 0.001 -20"><span class='ocrx_word' id='word_1_171' title='bbox 213 2761 351 2837; x_wconf 88' lang='lat' dir='ltr'>privatae</span> <span class='ocrx_word' id='word_1_172' title='bbox 380 2757 565 2817; x_wconf 89' lang='lat' dir='ltr'>condicione</span> <span class='ocrx_word' id='word_1_173' title='bbox 595 2758 699 2831; x_wconf 89' lang='lat' dir='ltr'>ducto,</span> <span class='ocrx_word' id='word_1_174' title='bbox 722 2766 756 2816; x_wconf 88' lang='lat' dir='ltr'>ut</span> <span class='ocrx_word' id='word_1_175' title='bbox 778 2766 916 2816; x_wconf 88' lang='lat' dir='ltr'>amantes</span> <span class='ocrx_word' id='word_1_176' title='bbox 940 2757 1148 2816; x_wconf 79' lang='lat' dir='ltr'>in&#39;sacrorum</span> <span class='ocrx_word' id='word_1_177' title='bbox 1177 2759 1329 2836; x_wconf 89' lang='lat' dir='ltr'>religione</span> 
     </span>
     <span class='ocr_line' id='line_1_23' title="bbox 213 2857 1328 2938; baseline 0 -20"><span class='ocrx_word' id='word_1_178' title='bbox 213 2859 334 2938; x_wconf 90' lang='lat' dir='ltr'>publice</span> <span class='ocrx_word' id='word_1_179' title='bbox 364 2859 508 2919; x_wconf 88' lang='lat' dir='ltr'>obeunda</span> <span class='ocrx_word' id='word_1_180' title='bbox 536 2879 572 2918; x_wconf 90' lang='lat' dir='ltr'>ac</span> <span class='ocrx_word' id='word_1_181' title='bbox 599 2879 656 2938; x_wconf 89' lang='lat' dir='ltr'>per</span> <span class='ocrx_word' id='word_1_182' title='bbox 690 2859 854 2918; x_wconf 90' lang='lat' dir='ltr'>sollemnia</span> <span class='ocrx_word' id='word_1_183' title='bbox 883 2857 1071 2917; x_wconf 87' lang='lat' dir='ltr'>celebranda</span> <span class='ocrx_word' id='word_1_184' title='bbox 1103 2859 1232 2937; x_wconf 90' lang='lat' dir='ltr'>primum</span> <span class='ocrx_word' id='word_1_185' title='bbox 1259 2880 1328 2920; x_wconf 89' lang='lat' dir='ltr'>sese</span> 
     </span>
     <span class='ocr_line' id='line_1_24' title="bbox 214 2955 1329 3041; baseline 0.002 -23"><span class='ocrx_word' id='word_1_186' title='bbox 214 2963 412 3041; x_wconf 82' lang='lat' dir='ltr'>conspexisse</span> <span class='ocrx_word' id='word_1_187' title='bbox 441 2955 615 3038; x_wconf 68' lang='lat' dir='ltr'>narrent2).</span> <span class='ocrx_word' id='word_1_188' title='bbox 661 2980 721 3040; x_wconf 87' lang='lat' dir='ltr'>qua</span> <span class='ocrx_word' id='word_1_189' title='bbox 750 2960 789 3018; x_wconf 90' lang='lat' dir='ltr'>de</span> <span class='ocrx_word' id='word_1_190' title='bbox 821 2979 854 3020; x_wconf 90' lang='lat' dir='ltr'>re</span> <span class='ocrx_word' id='word_1_191' title='bbox 878 2959 1074 3039; x_wconf 88' lang='lat' dir='ltr'>disputarunt</span> <span class='ocrx_word' id='word_1_192' title='bbox 1095 2960 1265 3020; x_wconf 90' lang='lat' dir='ltr'>Dorvillius</span> <span class='ocrx_word' id='word_1_193' title='bbox 1288 2961 1329 3020; x_wconf 90' lang='lat' dir='ltr'>ad</span> 
     </span>
    </p>
   </div>
   <div class='ocr_carea' id='block_1_7' title="bbox 177 3230 1330 4480">
    <p class='ocr_par' dir='ltr' id='par_1_8' title="bbox 177 3230 1330 3548">
     <span class='ocr_line' id='line_1_25' title="bbox 212 3230 1327 3296; baseline -0.002 -14"><span class='ocrx_word' id='word_1_194' title='bbox 212 3233 333 3295; x_wconf 78' lang='lat' dir='ltr'>zaeltlanq</span> <span class='ocrx_word' id='word_1_195' title='bbox 350 3234 397 3282; x_wconf 80' lang='lat' dir='ltr'>der</span> <span class='ocrx_word' id='word_1_196' title='bbox 413 3231 580 3281; x_wconf 79' lang='lat' dir='ltr'>arcadiselten</span> <span class='ocrx_word' id='word_1_197' title='bbox 594 3230 701 3281; x_wconf 83' lang='lat' dir='ltr'>Staedte</span> <span class='ocrx_word' id='word_1_198' title='bbox 713 3230 880 3282; x_wconf 75' lang='lat' dir='ltr'>Orchomenos</span> <span class='ocrx_word' id='word_1_199' title='bbox 892 3233 945 3282; x_wconf 84' lang='lat' dir='ltr'>and</span> <span class='ocrx_word' id='word_1_200' title='bbox 955 3232 1073 3296; x_wconf 81' lang='lat' dir='ltr'>Psophis,</span> <span class='ocrx_word' id='word_1_201' title='bbox 1087 3233 1148 3292; x_wconf 45' lang='lat' dir='ltr'>„and</span> <span class='ocrx_word' id='word_1_202' title='bbox 1164 3231 1212 3280; x_wconf 83' lang='lat' dir='ltr'>der</span> <span class='ocrx_word' id='word_1_203' title='bbox 1227 3231 1327 3280; x_wconf 80' lang='lat' dir='ltr'>arcadi-</span> 
     </span>
     <span class='ocr_line' id='line_1_26' title="bbox 212 3314 1330 3381; baseline 0 -16"><span class='ocrx_word' id='word_1_204' title='bbox 212 3317 287 3366; x_wconf 76' lang='lat' dir='ltr'>sanen</span> <span class='ocrx_word' id='word_1_205' title='bbox 299 3317 407 3381; x_wconf 80' lang='lat' dir='ltr'>Gebirqe</span> <span class='ocrx_word' id='word_1_206' title='bbox 418 3315 526 3380; x_wconf 71' lang='lat' dir='ltr'>Cyllene,</span> <span class='ocrx_word' id='word_1_207' title='bbox 541 3316 689 3374; x_wconf 80' lang='lat' dir='ltr'>Maenalon,</span> <span class='ocrx_word' id='word_1_208' title='bbox 704 3315 874 3380; x_wconf 74' lang='lat' dir='ltr'>Erymanthos</span> <span class='ocrx_word' id='word_1_209' title='bbox 886 3316 1022 3366; x_wconf 80' lang='lat' dir='ltr'>lenemmert</span> <span class='ocrx_word' id='word_1_210' title='bbox 1032 3317 1087 3366; x_wconf 76' lang='lat' dir='ltr'>sicle</span> <span class='ocrx_word' id='word_1_211' title='bbox 1097 3314 1160 3364; x_wconf 79' lang='lat' dir='ltr'>Onia</span> <span class='ocrx_word' id='word_1_212' title='bbox 1168 3315 1230 3364; x_wconf 90' lang='lat' dir='ltr'>eben</span> <span class='ocrx_word' id='word_1_213' title='bbox 1240 3331 1269 3365; x_wconf 90' lang='lat' dir='ltr'>so</span> <span class='ocrx_word' id='word_1_214' title='bbox 1277 3333 1330 3365; x_wconf 87' lang='lat' dir='ltr'>we-</span> 
     </span>
     <span class='ocr_line' id='line_1_27' title="bbox 177 3393 1329 3465; baseline 0.002 -17"><span class='ocrx_word' id='word_1_215' title='bbox 177 3393 183 3400; x_wconf 71' lang='grc'><strong>’</strong></span> <span class='ocrx_word' id='word_1_216' title='bbox 213 3402 254 3465; x_wconf 82' lang='lat' dir='ltr'>niq</span> <span class='ocrx_word' id='word_1_217' title='bbox 266 3405 304 3450; x_wconf 86' lang='lat' dir='ltr'>am</span> <span class='ocrx_word' id='word_1_218' title='bbox 313 3401 386 3464; x_wconf 82' lang='lat' dir='ltr'>Laqe</span> <span class='ocrx_word' id='word_1_219' title='bbox 397 3401 450 3449; x_wconf 86' lang='lat' dir='ltr'>and</span> <span class='ocrx_word' id='word_1_220' title='bbox 458 3399 625 3464; x_wconf 79' lang='lat' dir='ltr'>Entfernanq,</span> <span class='ocrx_word' id='word_1_221' title='bbox 639 3402 678 3448; x_wconf 87' lang='lat' dir='ltr'>als</span> <span class='ocrx_word' id='word_1_222' title='bbox 689 3416 761 3449; x_wconf 86' lang='lat' dir='ltr'>wenn</span> <span class='ocrx_word' id='word_1_223' title='bbox 774 3416 803 3449; x_wconf 84' lang='lat' dir='ltr'>er</span> <span class='ocrx_word' id='word_1_224' title='bbox 815 3401 994 3464; x_wconf 80' lang='lat' dir='ltr'>denAlplreios</span> <span class='ocrx_word' id='word_1_225' title='bbox 1007 3402 1033 3449; x_wconf 87' lang='lat' dir='ltr'>in</span> <span class='ocrx_word' id='word_1_226' title='bbox 1046 3402 1086 3450; x_wconf 83' lang='lat' dir='ltr'>die</span> <span class='ocrx_word' id='word_1_227' title='bbox 1096 3400 1185 3449; x_wconf 79' lang='lat' dir='ltr'>Naelre</span> <span class='ocrx_word' id='word_1_228' title='bbox 1197 3401 1243 3450; x_wconf 86' lang='lat' dir='ltr'>des</span> <span class='ocrx_word' id='word_1_229' title='bbox 1254 3408 1329 3465; x_wconf 82' lang='lat' dir='ltr'>stqm-</span> 
     </span>
     <span class='ocr_line' id='line_1_28' title="bbox 211 3483 600 3548; baseline -0.008 -15"><span class='ocrx_word' id='word_1_230' title='bbox 211 3485 357 3548; x_wconf 75' lang='lat' dir='ltr'>phaliselten</span> <span class='ocrx_word' id='word_1_231' title='bbox 374 3484 496 3534; x_wconf 86' lang='lat' dir='ltr'>Wassers</span> <span class='ocrx_word' id='word_1_232' title='bbox 508 3483 600 3548; x_wconf 69' lang='lat' dir='ltr'>dnnqt.</span> 
     </span>
    </p>

    <p class='ocr_par' dir='ltr' id='par_1_9' title="bbox 214 3567 1329 3794">
     <span class='ocr_line' id='line_1_29' title="bbox 279 3567 1329 3634; baseline 0.002 -15"><span class='ocrx_word' id='word_1_233' title='bbox 279 3567 300 3633; x_wconf 87' lang='lat'>¹)</span> <span class='ocrx_word' id='word_1_234' title='bbox 320 3567 445 3619; x_wconf 87' lang='lat' dir='ltr'>Indidem</span> <span class='ocrx_word' id='word_1_235' title='bbox 469 3583 502 3618; x_wconf 87' lang='lat' dir='ltr'>ex</span> <span class='ocrx_word' id='word_1_236' title='bbox 524 3572 604 3634; x_wconf 89' lang='lat' dir='ltr'>parte</span> <span class='ocrx_word' id='word_1_237' title='bbox 629 3567 818 3634; x_wconf 85' lang='lat' dir='ltr'>expediendae</span> <span class='ocrx_word' id='word_1_238' title='bbox 842 3569 962 3620; x_wconf 84' lang='lat' dir='ltr'>fortasse</span> <span class='ocrx_word' id='word_1_239' title='bbox 981 3568 1161 3620; x_wconf 83' lang='lat' dir='ltr'>difficultates</span> <span class='ocrx_word' id='word_1_240' title='bbox 1180 3573 1244 3621; x_wconf 89' lang='lat' dir='ltr'>met.</span> <span class='ocrx_word' id='word_1_241' title='bbox 1263 3571 1329 3621; x_wconf 92' lang='lat' dir='ltr'>XIV</span> 
     </span>
     <span class='ocr_line' id='line_1_30' title="bbox 214 3653 1328 3719; baseline 0.004 -19"><span class='ocrx_word' id='word_1_242' title='bbox 214 3653 359 3714; x_wconf 83' lang='lat'>101-105,</span> <span class='ocrx_word' id='word_1_243' title='bbox 379 3653 427 3702; x_wconf 90' lang='lat' dir='ltr'>ubi</span> <span class='ocrx_word' id='word_1_244' title='bbox 445 3668 515 3718; x_wconf 88' lang='lat' dir='ltr'>quae</span> <span class='ocrx_word' id='word_1_245' title='bbox 534 3657 629 3704; x_wconf 82' lang='lat' dir='ltr'>extare</span> <span class='ocrx_word' id='word_1_246' title='bbox 647 3654 757 3703; x_wconf 86' lang='lat' dir='ltr'>videtur</span> <span class='ocrx_word' id='word_1_247' title='bbox 780 3653 902 3703; x_wconf 89' lang='lat' dir='ltr'>locorum</span> <span class='ocrx_word' id='word_1_248' title='bbox 911 3654 1093 3719; x_wconf 72' lang='lat' dir='ltr'>&#39;perturbatio</span> <span class='ocrx_word' id='word_1_249' title='bbox 1112 3655 1168 3702; x_wconf 91' lang='lat' dir='ltr'>iam</span> <span class='ocrx_word' id='word_1_250' title='bbox 1188 3654 1328 3704; x_wconf 81' lang='lat' dir='ltr'>Glareano</span> 
     </span>
     <span class='ocr_line' id='line_1_31' title="bbox 214 3735 953 3794; baseline 0.014 -10"><span class='ocrx_word' id='word_1_251' title='bbox 214 3735 356 3786; x_wconf 88' lang='lat' dir='ltr'>molestias</span> <span class='ocrx_word' id='word_1_252' title='bbox 374 3739 488 3792; x_wconf 86' lang='lat' dir='ltr'>creavit.</span> <span class='ocrx_word' id='word_1_253' title='bbox 950 3787 953 3794; x_wconf 59' lang='lat'>.</span> 
     </span>
    </p>

    <p class='ocr_par' dir='ltr' id='par_1_10' title="bbox 212 3819 1327 4480">
     <span class='ocr_line' id='line_1_32' title="bbox 278 3819 1326 3888; baseline 0.002 -18"><span class='ocrx_word' id='word_1_254' title='bbox 278 3819 300 3884; x_wconf 82' lang='lat'>²)</span> <span class='ocrx_word' id='word_1_255' title='bbox 321 3820 363 3870; x_wconf 77' lang='lat' dir='ltr'>Of.</span> <span class='ocrx_word' id='word_1_256' title='bbox 377 3821 452 3874; x_wconf 84' lang='lat' dir='ltr'>11.ss</span> <span class='ocrx_word' id='word_1_257' title='bbox 465 3823 512 3872; x_wconf 91' lang='grc'>181</span> <span class='ocrx_word' id='word_1_258' title='bbox 526 3837 584 3887; x_wconf 90' lang='lat' dir='ltr'>sqq.</span> <span class='ocrx_word' id='word_1_259' title='bbox 598 3822 631 3872; x_wconf 89' lang='lat' dir='ltr'>de</span> <span class='ocrx_word' id='word_1_260' title='bbox 644 3823 783 3873; x_wconf 86' lang='lat' dir='ltr'>Mercurio</span> <span class='ocrx_word' id='word_1_261' title='bbox 798 3827 826 3872; x_wconf 87' lang='lat' dir='ltr'>et</span> <span class='ocrx_word' id='word_1_262' title='bbox 838 3822 991 3888; x_wconf 87' lang='lat' dir='ltr'>Polymela,</span> <span class='ocrx_word' id='word_1_263' title='bbox 1004 3822 1090 3873; x_wconf 86' lang='lat' dir='ltr'>schol.</span> <span class='ocrx_word' id='word_1_264' title='bbox 1101 3823 1181 3875; x_wconf 89' lang='lat' dir='ltr'>Hom.</span> <span class='ocrx_word' id='word_1_265' title='bbox 1195 3824 1211 3870; x_wconf 88' lang='lat'><em>1</em></span> <span class='ocrx_word' id='word_1_266' title='bbox 1229 3824 1278 3873; x_wconf 84' lang='grc'>557</span> <span class='ocrx_word' id='word_1_267' title='bbox 1293 3823 1326 3872; x_wconf 93' lang='lat' dir='ltr'>de</span> 
     </span>
     <span class='ocr_line' id='line_1_33' title="bbox 212 3905 1325 3973; baseline 0.002 -19"><span class='ocrx_word' id='word_1_268' title='bbox 212 3905 260 3954; x_wconf 91' lang='lat' dir='ltr'>Ida</span> <span class='ocrx_word' id='word_1_269' title='bbox 280 3910 307 3955; x_wconf 91' lang='lat' dir='ltr'>et</span> <span class='ocrx_word' id='word_1_270' title='bbox 324 3906 477 3972; x_wconf 81' lang='lat' dir='ltr'>Marpessa,</span> <span class='ocrx_word' id='word_1_271' title='bbox 498 3906 584 3959; x_wconf 88' lang='lat' dir='ltr'>schol.</span> <span class='ocrx_word' id='word_1_272' title='bbox 602 3909 663 3971; x_wconf 80' lang='lat' dir='ltr'>q9l</span> <span class='ocrx_word' id='word_1_273' title='bbox 683 3908 716 3956; x_wconf 91' lang='lat' dir='ltr'>de</span> <span class='ocrx_word' id='word_1_274' title='bbox 728 3907 856 3973; x_wconf 81' lang='lat' dir='ltr'>Neptuno</span> <span class='ocrx_word' id='word_1_275' title='bbox 876 3911 903 3956; x_wconf 89' lang='lat' dir='ltr'>et</span> <span class='ocrx_word' id='word_1_276' title='bbox 915 3906 1089 3971; x_wconf 87' lang='lat' dir='ltr'>Amphitrita,</span> <span class='ocrx_word' id='word_1_277' title='bbox 1110 3906 1183 3960; x_wconf 90' lang='lat' dir='ltr'>Plut.</span> <span class='ocrx_word' id='word_1_278' title='bbox 1197 3907 1279 3960; x_wconf 83' lang='lat' dir='ltr'>Thes.</span> <span class='ocrx_word' id='word_1_279' title='bbox 1293 3909 1325 3958; x_wconf 84' lang='lat'>31</span> 
     </span>
     <span class='ocr_line' id='line_1_34' title="bbox 213 3989 1327 4057; baseline 0.002 -19"><span class='ocrx_word' id='word_1_280' title='bbox 213 3989 245 4038; x_wconf 88' lang='lat' dir='ltr'>de</span> <span class='ocrx_word' id='word_1_281' title='bbox 264 3991 315 4040; x_wconf 86' lang='lat' dir='ltr'>Ida</span> <span class='ocrx_word' id='word_1_282' title='bbox 338 4005 399 4040; x_wconf 87' lang='lat' dir='ltr'>eum</span> <span class='ocrx_word' id='word_1_283' title='bbox 417 3991 530 4055; x_wconf 83' lang='lat' dir='ltr'>Lynceo</span> <span class='ocrx_word' id='word_1_284' title='bbox 554 3995 582 4041; x_wconf 88' lang='lat' dir='ltr'>et</span> <span class='ocrx_word' id='word_1_285' title='bbox 599 3992 722 4050; x_wconf 88' lang='lat' dir='ltr'>Helena,</span> <span class='ocrx_word' id='word_1_286' title='bbox 745 3991 840 4057; x_wconf 88' lang='lat' dir='ltr'>Eurip.</span> <span class='ocrx_word' id='word_1_287' title='bbox 858 3993 943 4056; x_wconf 93' lang='lat' dir='ltr'>Hipp.</span> <span class='ocrx_word' id='word_1_288' title='bbox 961 3992 995 4040; x_wconf 75' lang='lat'>44</span> <span class='ocrx_word' id='word_1_289' title='bbox 1013 4005 1072 4056; x_wconf 90' lang='lat' dir='ltr'>sqq.</span> <span class='ocrx_word' id='word_1_290' title='bbox 1097 3999 1124 4041; x_wconf 90' lang='lat' dir='ltr'>et</span> <span class='ocrx_word' id='word_1_291' title='bbox 1143 3991 1194 4044; x_wconf 82' lang='lat' dir='ltr'>Ov.</span> <span class='ocrx_word' id='word_1_292' title='bbox 1213 3992 1270 4041; x_wconf 90' lang='lat' dir='ltr'>her.</span> <span class='ocrx_word' id='word_1_293' title='bbox 1289 3992 1327 4040; x_wconf 92' lang='lat' dir='ltr'>IV</span> 
     </span>
     <span class='ocr_line' id='line_1_35' title="bbox 212 4067 1326 4143; baseline 0.004 -20"><span class='ocrx_word' id='word_1_294' title='bbox 212 4075 243 4124; x_wconf 86' lang='grc'>67</span> <span class='ocrx_word' id='word_1_295' title='bbox 262 4090 320 4140; x_wconf 86' lang='lat' dir='ltr'>sqq.</span> <span class='ocrx_word' id='word_1_296' title='bbox 341 4075 374 4124; x_wconf 91' lang='lat' dir='ltr'>de</span> <span class='ocrx_word' id='word_1_297' title='bbox 393 4075 545 4141; x_wconf 88' lang='lat' dir='ltr'>Hippolyto</span> <span class='ocrx_word' id='word_1_298' title='bbox 565 4080 593 4125; x_wconf 90' lang='lat' dir='ltr'>et</span> <span class='ocrx_word' id='word_1_299' title='bbox 610 4075 746 4138; x_wconf 88' lang='lat' dir='ltr'>Phaedra,</span> <span class='ocrx_word' id='word_1_300' title='bbox 768 4075 846 4126; x_wconf 89' lang='lat' dir='ltr'>eund.</span> <span class='ocrx_word' id='word_1_301' title='bbox 866 4083 930 4129; x_wconf 91' lang='lat' dir='ltr'>met.</span> <span class='ocrx_word' id='word_1_302' title='bbox 949 4076 977 4126; x_wconf 95' lang='lat' dir='ltr'>II</span> <span class='ocrx_word' id='word_1_303' title='bbox 996 4077 1045 4127; x_wconf 86' lang='grc'>708</span> <span class='ocrx_word' id='word_1_304' title='bbox 1059 4067 1168 4143; x_wconf 77' lang='lat' dir='ltr'>sqq.&#39;de</span> <span class='ocrx_word' id='word_1_305' title='bbox 1187 4079 1326 4128; x_wconf 87' lang='lat' dir='ltr'>Mercurio</span> 
     </span>
     <span class='ocr_line' id='line_1_36' title="bbox 213 4160 1325 4227; baseline 0.004 -21"><span class='ocrx_word' id='word_1_306' title='bbox 213 4163 239 4207; x_wconf 88' lang='lat' dir='ltr'>et</span> <span class='ocrx_word' id='word_1_307' title='bbox 256 4161 362 4222; x_wconf 87' lang='lat' dir='ltr'>Hersa,</span> <span class='ocrx_word' id='word_1_308' title='bbox 385 4160 529 4211; x_wconf 84' lang='lat' dir='ltr'>Musaeum</span> <span class='ocrx_word' id='word_1_309' title='bbox 551 4162 584 4210; x_wconf 81' lang='lat'>42</span> <span class='ocrx_word' id='word_1_310' title='bbox 602 4177 660 4227; x_wconf 88' lang='lat' dir='ltr'>sqq.</span> <span class='ocrx_word' id='word_1_311' title='bbox 685 4161 718 4210; x_wconf 91' lang='lat' dir='ltr'>de</span> <span class='ocrx_word' id='word_1_312' title='bbox 736 4161 848 4211; x_wconf 87' lang='lat' dir='ltr'>Herone</span> <span class='ocrx_word' id='word_1_313' title='bbox 872 4167 900 4212; x_wconf 91' lang='lat' dir='ltr'>et</span> <span class='ocrx_word' id='word_1_314' title='bbox 919 4163 1060 4227; x_wconf 87' lang='lat' dir='ltr'>Leandro,</span> <span class='ocrx_word' id='word_1_315' title='bbox 1079 4163 1208 4214; x_wconf 86' lang='lat' dir='ltr'>Antonin.</span> <span class='ocrx_word' id='word_1_316' title='bbox 1228 4162 1291 4212; x_wconf 86' lang='lat' dir='ltr'>Lib.</span> <span class='ocrx_word' id='word_1_317' title='bbox 1312 4163 1325 4210; x_wconf 95' lang='grc'><strong>1</strong></span> 
     </span>
     <span class='ocr_line' id='line_1_37' title="bbox 213 4245 1327 4312; baseline 0.001 -20"><span class='ocrx_word' id='word_1_318' title='bbox 213 4245 384 4295; x_wconf 87' lang='lat' dir='ltr'>eNicandro</span> <span class='ocrx_word' id='word_1_319' title='bbox 408 4246 441 4294; x_wconf 91' lang='lat' dir='ltr'>de</span> <span class='ocrx_word' id='word_1_320' title='bbox 467 4246 653 4296; x_wconf 87' lang='lat' dir='ltr'>Hermochare</span> <span class='ocrx_word' id='word_1_321' title='bbox 678 4249 706 4295; x_wconf 91' lang='lat' dir='ltr'>et</span> <span class='ocrx_word' id='word_1_322' title='bbox 730 4245 868 4311; x_wconf 83' lang='lat' dir='ltr'>Ctesylla,</span> <span class='ocrx_word' id='word_1_323' title='bbox 892 4247 1023 4297; x_wconf 89' lang='lat' dir='ltr'>Parthen.</span> <span class='ocrx_word' id='word_1_324' title='bbox 1043 4250 1058 4296; x_wconf 84' lang='lat'>9</span> <span class='ocrx_word' id='word_1_325' title='bbox 1082 4248 1115 4297; x_wconf 90' lang='lat' dir='ltr'>de</span> <span class='ocrx_word' id='word_1_326' title='bbox 1139 4248 1278 4312; x_wconf 84' lang='lat' dir='ltr'>Diogneto</span> <span class='ocrx_word' id='word_1_327' title='bbox 1299 4249 1327 4294; x_wconf 88' lang='lat' dir='ltr'>et</span> 
     </span>
     <span class='ocr_line' id='line_1_38' title="bbox 212 4327 1325 4395; baseline 0 -17"><span class='ocrx_word' id='word_1_328' title='bbox 212 4329 352 4393; x_wconf 85' lang='lat' dir='ltr'>Polycrita</span> <span class='ocrx_word' id='word_1_329' title='bbox 372 4327 420 4394; x_wconf 84' lang='lat' dir='ltr'>(cf.</span> <span class='ocrx_word' id='word_1_330' title='bbox 433 4330 507 4380; x_wconf 86' lang='lat' dir='ltr'>Plut.</span> <span class='ocrx_word' id='word_1_331' title='bbox 526 4331 559 4380; x_wconf 91' lang='lat' dir='ltr'>de</span> <span class='ocrx_word' id='word_1_332' title='bbox 577 4331 683 4383; x_wconf 86' lang='lat' dir='ltr'>mulier.</span> <span class='ocrx_word' id='word_1_333' title='bbox 700 4331 823 4382; x_wconf 87' lang='lat' dir='ltr'>virtutib.</span> <span class='ocrx_word' id='word_1_334' title='bbox 839 4331 889 4395; x_wconf 82' lang='grc'><strong>17),</strong></span> <span class='ocrx_word' id='word_1_335' title='bbox 910 4347 944 4380; x_wconf 88' lang='lat' dir='ltr'>ac</span> <span class='ocrx_word' id='word_1_336' title='bbox 962 4331 1065 4380; x_wconf 85' lang='lat' dir='ltr'>similia</span> <span class='ocrx_word' id='word_1_337' title='bbox 1084 4333 1141 4380; x_wconf 86' lang='lat' dir='ltr'>lere</span> <span class='ocrx_word' id='word_1_338' title='bbox 1160 4331 1325 4382; x_wconf 86' lang='lat' dir='ltr'>Aristaen.I</span> 
     </span>
     <span class='ocr_line' id='line_1_39' title="bbox 212 4413 1325 4480; baseline 0.002 -17"><span class='ocrx_word' id='word_1_339' title='bbox 212 4415 251 4464; x_wconf 84' lang='lat'>15.</span> <span class='ocrx_word' id='word_1_340' title='bbox 265 4413 329 4464; x_wconf 88' lang='lat' dir='ltr'>dein</span> <span class='ocrx_word' id='word_1_341' title='bbox 343 4415 379 4466; x_wconf 85' lang='lat' dir='ltr'>cf.</span> <span class='ocrx_word' id='word_1_342' title='bbox 391 4415 501 4467; x_wconf 91' lang='lat' dir='ltr'>Heliod.</span> <span class='ocrx_word' id='word_1_343' title='bbox 515 4415 594 4467; x_wconf 83' lang='lat'>1115.</span> <span class='ocrx_word' id='word_1_344' title='bbox 610 4415 663 4464; x_wconf 86' lang='lat' dir='ltr'>VII</span> <span class='ocrx_word' id='word_1_345' title='bbox 675 4419 699 4468; x_wconf 80' lang='lat'>2.</span> <span class='ocrx_word' id='word_1_346' title='bbox 723 4415 829 4467; x_wconf 79' lang='lat' dir='ltr'>CharIt.</span> <span class='ocrx_word' id='word_1_347' title='bbox 844 4418 856 4465; x_wconf 93' lang='lat' dir='ltr'>I</span> <span class='ocrx_word' id='word_1_348' title='bbox 870 4419 893 4480; x_wconf 91' lang='lat'>1,</span> <span class='ocrx_word' id='word_1_349' title='bbox 913 4419 929 4464; x_wconf 84' lang='grc'>4</span> <span class='ocrx_word' id='word_1_350' title='bbox 942 4432 999 4480; x_wconf 90' lang='lat' dir='ltr'>sqq.</span> <span class='ocrx_word' id='word_1_351' title='bbox 1017 4417 1082 4479; x_wconf 83' lang='lat'>115,</span> <span class='ocrx_word' id='word_1_352' title='bbox 1097 4418 1110 4465; x_wconf 93' lang='lat'>1</span> <span class='ocrx_word' id='word_1_353' title='bbox 1124 4431 1182 4479; x_wconf 89' lang='lat' dir='ltr'>sqq.</span> <span class='ocrx_word' id='word_1_354' title='bbox 1200 4413 1325 4478; x_wconf 87' lang='lat' dir='ltr'>Xenoph.</span> 
     </span>
    </p>
   </div>
   <div class='ocr_carea' id='block_1_8' title="bbox 261 4498 1123 4576">
    <p class='ocr_par' dir='ltr' id='par_1_11' title="bbox 261 4498 1123 4576">
     <span class='ocr_line' id='line_1_40' title="bbox 261 4498 1123 4576; baseline 0.013 -27"><span class='ocrx_word' id='word_1_355' title='bbox 261 4517 395 4563; x_wconf 79' lang='lat' dir='ltr'>manner,</span> <span class='ocrx_word' id='word_1_356' title='bbox 416 4517 528 4551; x_wconf 77' lang='lat' dir='ltr'>osanna</span> <span class='ocrx_word' id='word_1_357' title='bbox 732 4565 737 4576; x_wconf 28' lang='grc' dir='ltr'>ἱ</span> <span class='ocrx_word' id='word_1_358' title='bbox 1101 4498 1123 4560; x_wconf 86' lang='grc'>4</span> 
     </span>
    </p>
   </div>
   <div class='ocr_carea' id='block_1_9' title="bbox 0 0 1632 5158">
    <p class='ocr_par' dir='ltr' id='par_1_12' title="bbox 0 0 1632 5158">
     <span class='ocr_line' id='line_1_41' title="bbox 0 0 1632 5158; baseline 0 1"><span class='ocrx_word' id='word_1_359' title='bbox 0 0 1632 5158; x_wconf 95' lang='lat' dir='ltr'> </span> 
     </span>
    </p>
   </div>
  </div>
 </body>
</html>
