<?xml version="1.0" encoding="UTF-8"?>
<!DOCTYPE html PUBLIC "-//W3C//DTD XHTML 1.0 Transitional//EN"
    "http://www.w3.org/TR/xhtml1/DTD/xhtml1-transitional.dtd">
<html xmlns="http://www.w3.org/1999/xhtml" xml:lang="en" lang="en">
 <head>
  <title>
</title>
<meta http-equiv="Content-Type" content="text/html;charset=utf-8" />
  <meta name='ocr-system' content='tesseract 3.04.00' />
  <meta name='ocr-capabilities' content='ocr_page ocr_carea ocr_par ocr_line ocrx_word'/>
</head>
<body>
  <div class='ocr_page' id='page_1' title='image "./decallimachicyd00diltgoog_0170.png"; bbox 0 0 3284 5158; ppageno 0'>
   <div class='ocr_carea' id='block_1_1' title="bbox 661 397 890 462">
    <p class='ocr_par' dir='ltr' id='par_1_1' title="bbox 661 397 890 462">
     <span class='ocr_line' id='line_1_1' title="bbox 661 397 890 462; baseline 0.004 -1"><span class='ocrx_word' id='word_1_1' title='bbox 661 397 890 462; x_wconf 83' lang='lat'>-155-</span> 
     </span>
    </p>
   </div>
   <div class='ocr_carea' id='block_1_2' title="bbox 195 571 1259 2985">
    <p class='ocr_par' dir='ltr' id='par_1_2' title="bbox 195 571 1259 2985">
     <span class='ocr_line' id='line_1_2' title="bbox 217 571 1063 652; baseline 0 -18"><span class='ocrx_word' id='word_1_2' title='bbox 217 581 270 639; x_wconf 88' lang='grc'>210</span> <span class='ocrx_word' id='word_1_3' title='bbox 334 571 417 652; x_wconf 89' lang='lat' dir='ltr'><strong>qnod</strong></span> <span class='ocrx_word' id='word_1_4' title='bbox 440 571 535 631; x_wconf 88' lang='lat' dir='ltr'><strong>faciat</strong></span> <span class='ocrx_word' id='word_1_5' title='bbox 556 571 651 650; x_wconf 92' lang='lat' dir='ltr'><strong>longe</strong></span> <span class='ocrx_word' id='word_1_6' title='bbox 673 572 784 631; x_wconf 88' lang='lat' dir='ltr'><strong>vulnus</strong></span> <span class='ocrx_word' id='word_1_7' title='bbox 807 591 935 632; x_wconf 82' lang='lat' dir='ltr'>acumen</span> <span class='ocrx_word' id='word_1_8' title='bbox 957 573 1063 634; x_wconf 88' lang='lat' dir='ltr'><strong>habes.</strong></span> 
     </span>
     <span class='ocr_line' id='line_1_3' title="bbox 290 673 1090 752; baseline 0.001 -19"><span class='ocrx_word' id='word_1_9' title='bbox 290 681 373 733; x_wconf 86' lang='lat' dir='ltr'><strong>certe</strong></span> <span class='ocrx_word' id='word_1_10' title='bbox 398 693 455 752; x_wconf 91' lang='lat' dir='ltr'><strong>ego</strong></span> <span class='ocrx_word' id='word_1_11' title='bbox 478 673 621 733; x_wconf 85' lang='lat' dir='ltr'><strong>convalui</strong></span> <span class='ocrx_word' id='word_1_12' title='bbox 644 673 783 733; x_wconf 89' lang='lat' dir='ltr'><strong>nondum</strong></span> <span class='ocrx_word' id='word_1_13' title='bbox 807 673 846 732; x_wconf 92' lang='lat' dir='ltr'><strong>de</strong></span> <span class='ocrx_word' id='word_1_14' title='bbox 869 674 998 734; x_wconf 89' lang='lat' dir='ltr'><strong>vulnere</strong></span> <span class='ocrx_word' id='word_1_15' title='bbox 1021 677 1090 750; x_wconf 83' lang='lat' dir='ltr'><strong>tali,</strong></span> 
     </span>
     <span class='ocr_line' id='line_1_4' title="bbox 329 775 944 854; baseline 0 -20"><span class='ocrx_word' id='word_1_16' title='bbox 329 782 363 834; x_wconf 90' lang='lat' dir='ltr'><strong>nt</strong></span> <span class='ocrx_word' id='word_1_17' title='bbox 385 775 483 835; x_wconf 85' lang='lat' dir='ltr'><strong>iaculo</strong></span> <span class='ocrx_word' id='word_1_18' title='bbox 507 776 638 854; x_wconf 86' lang='lat' dir='ltr'><strong>scriptis</strong></span> <span class='ocrx_word' id='word_1_19' title='bbox 651 776 769 834; x_wconf 89' lang='lat' dir='ltr'><strong>eminus</strong></span> <span class='ocrx_word' id='word_1_20' title='bbox 792 775 852 834; x_wconf 87' lang='lat' dir='ltr'><strong>icta</strong></span> <span class='ocrx_word' id='word_1_21' title='bbox 874 775 944 834; x_wconf 87' lang='lat' dir='ltr'><strong>tuis.</strong></span> 
     </span>
     <span class='ocr_line' id='line_1_5' title="bbox 289 875 1171 958; baseline 0.003 -23"><span class='ocrx_word' id='word_1_22' title='bbox 289 877 363 956; x_wconf 92' lang='lat' dir='ltr'><strong>quid</strong></span> <span class='ocrx_word' id='word_1_23' title='bbox 384 885 488 936; x_wconf 85' lang='lat' dir='ltr'><strong>tamen</strong></span> <span class='ocrx_word' id='word_1_24' title='bbox 510 877 569 935; x_wconf 89' lang='lat' dir='ltr'><strong>hnc</strong></span> <span class='ocrx_word' id='word_1_25' title='bbox 591 875 723 935; x_wconf 76' lang='lat' dir='ltr'><strong>venias?</strong></span> <span class='ocrx_word' id='word_1_26' title='bbox 750 895 828 936; x_wconf 87' lang='lat' dir='ltr'><strong>sane</strong></span> <span class='ocrx_word' id='word_1_27' title='bbox 848 875 1024 936; x_wconf 81' lang='lat' dir='ltr'><strong>miserabile</strong></span> <span class='ocrx_word' id='word_1_28' title='bbox 1047 897 1171 958; x_wconf 90' lang='lat' dir='ltr'><strong>corpus,</strong></span> 
     </span>
     <span class='ocr_line' id='line_1_6' title="bbox 329 977 942 1058; baseline 0.002 -22"><span class='ocrx_word' id='word_1_29' title='bbox 329 978 448 1056; x_wconf 89' lang='lat' dir='ltr'><strong>ingenii</strong></span> <span class='ocrx_word' id='word_1_30' title='bbox 470 977 579 1037; x_wconf 88' lang='lat' dir='ltr'><strong>videas</strong></span> <span class='ocrx_word' id='word_1_31' title='bbox 601 997 715 1058; x_wconf 89' lang='lat' dir='ltr'><strong>magna</strong></span> <span class='ocrx_word' id='word_1_32' title='bbox 737 985 867 1058; x_wconf 88' lang='lat' dir='ltr'><strong>tropaea</strong></span> <span class='ocrx_word' id='word_1_33' title='bbox 888 978 942 1038; x_wconf 87' lang='lat' dir='ltr'><strong>tui.</strong></span> 
     </span>
     <span class='ocr_line' id='line_1_7' title="bbox 217 1078 1218 1160; baseline 0.003 -22"><span class='ocrx_word' id='word_1_34' title='bbox 217 1087 268 1141; x_wconf 83' lang='grc'>215</span> <span class='ocrx_word' id='word_1_35' title='bbox 292 1078 477 1139; x_wconf 78' lang='lat' dir='ltr'><strong>concidimus</strong></span> <span class='ocrx_word' id='word_1_36' title='bbox 500 1080 613 1152; x_wconf 89' lang='lat' dir='ltr'><strong>macie,</strong></span> <span class='ocrx_word' id='word_1_37' title='bbox 637 1079 720 1139; x_wconf 87' lang='lat' dir='ltr'><strong>color</strong></span> <span class='ocrx_word' id='word_1_38' title='bbox 743 1080 880 1140; x_wconf 89' lang='lat' dir='ltr'><strong>estsine</strong></span> <span class='ocrx_word' id='word_1_39' title='bbox 903 1080 1070 1157; x_wconf 89' lang='lat' dir='ltr'><strong>sanguine,</strong></span> <span class='ocrx_word' id='word_1_40' title='bbox 1095 1083 1218 1160; x_wconf 87' lang='lat' dir='ltr'><strong>qualem</strong></span> 
     </span>
     <span class='ocr_line' id='line_1_8' title="bbox 329 1181 935 1260; baseline 0.002 -21"><span class='ocrx_word' id='word_1_41' title='bbox 329 1181 363 1239; x_wconf 91' lang='lat' dir='ltr'><strong>in</strong></span> <span class='ocrx_word' id='word_1_42' title='bbox 385 1200 476 1260; x_wconf 91' lang='lat' dir='ltr'><strong>pomo</strong></span> <span class='ocrx_word' id='word_1_43' title='bbox 499 1181 601 1240; x_wconf 88' lang='lat' dir='ltr'><strong>refero</strong></span> <span class='ocrx_word' id='word_1_44' title='bbox 624 1189 727 1240; x_wconf 90' lang='lat' dir='ltr'><strong>mente</strong></span> <span class='ocrx_word' id='word_1_45' title='bbox 750 1182 845 1241; x_wconf 86' lang='lat' dir='ltr'><strong>fuisse</strong></span> <span class='ocrx_word' id='word_1_46' title='bbox 863 1189 935 1254; x_wconf 83' lang='lat' dir='ltr'><strong>tuo,</strong></span> 
     </span>
     <span class='ocr_line' id='line_1_9' title="bbox 291 1280 1025 1356; baseline 0.001 -16"><span class='ocrx_word' id='word_1_47' title='bbox 291 1280 425 1340; x_wconf 89' lang='lat' dir='ltr'><strong>candida</strong></span> <span class='ocrx_word' id='word_1_48' title='bbox 447 1302 506 1341; x_wconf 91' lang='lat' dir='ltr'><strong>nec</strong></span> <span class='ocrx_word' id='word_1_49' title='bbox 527 1283 617 1342; x_wconf 89' lang='lat' dir='ltr'><strong>misto</strong></span> <span class='ocrx_word' id='word_1_50' title='bbox 639 1280 801 1342; x_wconf 74' lang='lat' dir='ltr'><strong>sublucent</strong></span> <span class='ocrx_word' id='word_1_51' title='bbox 824 1302 877 1341; x_wconf 86' lang='lat' dir='ltr'><strong>ora</strong></span> <span class='ocrx_word' id='word_1_52' title='bbox 899 1281 1025 1356; x_wconf 88' lang='lat' dir='ltr'><strong>rubore,</strong></span> 
     </span>
     <span class='ocr_line' id='line_1_10' title="bbox 331 1382 1009 1445; baseline 0 -4"><span class='ocrx_word' id='word_1_53' title='bbox 331 1382 429 1442; x_wconf 87' lang='lat' dir='ltr'><strong>forma</strong></span> <span class='ocrx_word' id='word_1_54' title='bbox 451 1384 524 1442; x_wconf 88' lang='lat' dir='ltr'><strong>novi</strong></span> <span class='ocrx_word' id='word_1_55' title='bbox 546 1384 617 1443; x_wconf 90' lang='lat' dir='ltr'><strong>talis</strong></span> <span class='ocrx_word' id='word_1_56' title='bbox 638 1384 796 1445; x_wconf 88' lang='lat' dir='ltr'><strong>marmoris</strong></span> <span class='ocrx_word' id='word_1_57' title='bbox 821 1403 889 1444; x_wconf 88' lang='lat' dir='ltr'><strong>esse</strong></span> <span class='ocrx_word' id='word_1_58' title='bbox 912 1384 1009 1443; x_wconf 87' lang='lat' dir='ltr'><strong>solet:</strong></span> 
     </span>
     <span class='ocr_line' id='line_1_11' title="bbox 288 1485 960 1562; baseline 0.004 -20"><span class='ocrx_word' id='word_1_59' title='bbox 288 1485 409 1562; x_wconf 87' lang='lat' dir='ltr'><strong>argenti</strong></span> <span class='ocrx_word' id='word_1_60' title='bbox 432 1485 516 1545; x_wconf 90' lang='lat' dir='ltr'><strong>color</strong></span> <span class='ocrx_word' id='word_1_61' title='bbox 538 1493 585 1544; x_wconf 89' lang='lat' dir='ltr'><strong>est</strong></span> <span class='ocrx_word' id='word_1_62' title='bbox 606 1487 688 1544; x_wconf 87' lang='lat' dir='ltr'><strong>inter</strong></span> <span class='ocrx_word' id='word_1_63' title='bbox 710 1487 854 1545; x_wconf 87' lang='lat' dir='ltr'><strong>convivia</strong></span> <span class='ocrx_word' id='word_1_64' title='bbox 874 1485 960 1559; x_wconf 87' lang='lat' dir='ltr'><strong>talis,</strong></span> 
     </span>
     <span class='ocr_line' id='line_1_12' title="bbox 195 1567 1088 1666; baseline 0.004 -23"><span class='ocrx_word' id='word_1_65' title='bbox 195 1567 269 1644; x_wconf 59' lang='lat' dir='ltr'><strong>&#39;mo</strong></span> <span class='ocrx_word' id='word_1_66' title='bbox 334 1585 416 1666; x_wconf 89' lang='lat' dir='ltr'><strong>quod</strong></span> <span class='ocrx_word' id='word_1_67' title='bbox 439 1594 553 1646; x_wconf 90' lang='lat' dir='ltr'><strong>tactum</strong></span> <span class='ocrx_word' id='word_1_68' title='bbox 576 1587 700 1665; x_wconf 81' lang='lat' dir='ltr'><strong>gelidae</strong></span> <span class='ocrx_word' id='word_1_69' title='bbox 723 1587 837 1666; x_wconf 87' lang='lat' dir='ltr'><strong>frigore</strong></span> <span class='ocrx_word' id='word_1_70' title='bbox 860 1586 957 1665; x_wconf 88' lang='lat' dir='ltr'><strong>pallet</strong></span> <span class='ocrx_word' id='word_1_71' title='bbox 979 1605 1088 1666; x_wconf 90' lang='lat' dir='ltr'><strong>aquae.</strong></span> 
     </span>
     <span class='ocr_line' id='line_1_13' title="bbox 288 1687 1107 1768; baseline 0.004 -23"><span class='ocrx_word' id='word_1_72' title='bbox 288 1687 385 1746; x_wconf 88' lang='lat' dir='ltr'><strong>sime</strong></span> <span class='ocrx_word' id='word_1_73' title='bbox 408 1707 490 1746; x_wconf 93' lang='lat' dir='ltr'><strong>nnnc</strong></span> <span class='ocrx_word' id='word_1_74' title='bbox 512 1687 636 1763; x_wconf 86' lang='lat' dir='ltr'><strong>videas,</strong></span> <span class='ocrx_word' id='word_1_75' title='bbox 659 1689 760 1748; x_wconf 83' lang='lat' dir='ltr'><strong>visam·</strong></span> <span class='ocrx_word' id='word_1_76' title='bbox 779 1691 864 1768; x_wconf 87' lang='lat' dir='ltr'><strong>prius</strong></span> <span class='ocrx_word' id='word_1_77' title='bbox 888 1707 956 1748; x_wconf 88' lang='lat' dir='ltr'><strong>esse</strong></span> <span class='ocrx_word' id='word_1_78' title='bbox 978 1687 1107 1766; x_wconf 80' lang='lat' dir='ltr'><strong>negabis</strong></span> 
     </span>
     <span class='ocr_line' id='line_1_14' title="bbox 330 1789 965 1870; baseline 0.003 -24"><span class='ocrx_word' id='word_1_79' title='bbox 330 1796 396 1847; x_wconf 86' lang='lat' dir='ltr'><strong>arte</strong></span> <span class='ocrx_word' id='word_1_80' title='bbox 419 1808 479 1848; x_wconf 92' lang='lat' dir='ltr'><strong>nec</strong></span> <span class='ocrx_word' id='word_1_81' title='bbox 502 1799 549 1849; x_wconf 93' lang='lat' dir='ltr'><strong>est</strong></span> <span class='ocrx_word' id='word_1_82' title='bbox 573 1789 657 1849; x_wconf 91' lang='lat' dir='ltr'><strong>dices</strong></span> <span class='ocrx_word' id='word_1_83' title='bbox 679 1790 739 1848; x_wconf 88' lang='lat' dir='ltr'><strong>ista</strong></span> <span class='ocrx_word' id='word_1_84' title='bbox 761 1791 859 1870; x_wconf 84' lang='lat' dir='ltr'><strong>petite</strong></span> <span class='ocrx_word' id='word_1_85' title='bbox 881 1810 965 1865; x_wconf 86' lang='lat' dir='ltr'><strong>mee,</strong></span> 
     </span>
     <span class='ocr_line' id='line_1_15' title="bbox 286 1889 1144 1970; baseline 0.006 -23"><span class='ocrx_word' id='word_1_86' title='bbox 286 1889 490 1970; x_wconf 82' lang='lat' dir='ltr'><strong>promissique</strong></span> <span class='ocrx_word' id='word_1_87' title='bbox 512 1890 619 1965; x_wconf 93' lang='lat' dir='ltr'><strong>fidem,</strong></span> <span class='ocrx_word' id='word_1_88' title='bbox 643 1911 684 1950; x_wconf 91' lang='lat' dir='ltr'><strong>ne</strong></span> <span class='ocrx_word' id='word_1_89' title='bbox 707 1892 763 1950; x_wconf 90' lang='lat' dir='ltr'><strong>sim</strong></span> <span class='ocrx_word' id='word_1_90' title='bbox 785 1891 841 1950; x_wconf 91' lang='lat' dir='ltr'><strong>tibi</strong></span> <span class='ocrx_word' id='word_1_91' title='bbox 863 1893 982 1966; x_wconf 89' lang='lat' dir='ltr'><strong>iuncta,</strong></span> <span class='ocrx_word' id='word_1_92' title='bbox 1007 1892 1144 1952; x_wconf 90' lang='lat' dir='ltr'><strong>remittes</strong></span> 
     </span>
     <span class='ocr_line' id='line_1_16' title="bbox 331 1991 997 2071; baseline 0.003 -22"><span class='ocrx_word' id='word_1_93' title='bbox 331 1998 362 2049; x_wconf 88' lang='lat' dir='ltr'><strong>et</strong></span> <span class='ocrx_word' id='word_1_94' title='bbox 384 1993 489 2071; x_wconf 91' lang='lat' dir='ltr'><strong>cupies</strong></span> <span class='ocrx_word' id='word_1_95' title='bbox 512 1991 589 2051; x_wconf 90' lang='lat' dir='ltr'><strong>illud</strong></span> <span class='ocrx_word' id='word_1_96' title='bbox 612 2013 676 2052; x_wconf 90' lang='lat' dir='ltr'><strong>non</strong></span> <span class='ocrx_word' id='word_1_97' title='bbox 698 1995 874 2053; x_wconf 86' lang='lat' dir='ltr'><strong>meminisse</strong></span> <span class='ocrx_word' id='word_1_98' title='bbox 898 1993 997 2052; x_wconf 85' lang='lat' dir='ltr'><strong>deam.</strong></span> 
     </span>
     <span class='ocr_line' id='line_1_17' title="bbox 215 2091 1099 2168; baseline 0.006 -19"><span class='ocrx_word' id='word_1_99' title='bbox 215 2097 266 2151; x_wconf 82' lang='grc'><strong>225</strong></span> <span class='ocrx_word' id='word_1_100' title='bbox 290 2091 421 2151; x_wconf 87' lang='lat' dir='ltr'><strong>forsitan</strong></span> <span class='ocrx_word' id='word_1_101' title='bbox 444 2101 475 2152; x_wconf 92' lang='lat' dir='ltr'><strong>et</strong></span> <span class='ocrx_word' id='word_1_102' title='bbox 496 2093 608 2168; x_wconf 87' lang='lat' dir='ltr'><strong>facies,</strong></span> <span class='ocrx_word' id='word_1_103' title='bbox 631 2095 728 2153; x_wconf 92' lang='lat' dir='ltr'><strong>iurem</strong></span> <span class='ocrx_word' id='word_1_104' title='bbox 749 2104 782 2154; x_wconf 90' lang='lat' dir='ltr'><strong>ut</strong></span> <span class='ocrx_word' id='word_1_105' title='bbox 805 2095 959 2155; x_wconf 86' lang='lat' dir='ltr'><strong>contraria</strong></span> <span class='ocrx_word' id='word_1_106' title='bbox 981 2114 1099 2167; x_wconf 89' lang='lat' dir='ltr'><strong>rursus,</strong></span> 
     </span>
     <span class='ocr_line' id='line_1_18' title="bbox 330 2195 1105 2274; baseline 0.009 -22"><span class='ocrx_word' id='word_1_107' title='bbox 330 2212 473 2274; x_wconf 87' lang='lat' dir='ltr'><strong>quaeque</strong></span> <span class='ocrx_word' id='word_1_108' title='bbox 495 2195 597 2274; x_wconf 90' lang='lat' dir='ltr'><strong>legam</strong></span> <span class='ocrx_word' id='word_1_109' title='bbox 618 2196 720 2256; x_wconf 88' lang='lat' dir='ltr'><strong>mittes</strong></span> <span class='ocrx_word' id='word_1_110' title='bbox 743 2196 841 2256; x_wconf 89' lang='lat' dir='ltr'><strong>altera</strong></span> <span class='ocrx_word' id='word_1_111' title='bbox 862 2196 959 2258; x_wconf 88' lang='lat' dir='ltr'><strong>verba</strong></span> <span class='ocrx_word' id='word_1_112' title='bbox 981 2197 1064 2256; x_wconf 89' lang='lat' dir='ltr'><strong>mibi.</strong></span> <span class='ocrx_word' id='word_1_113' title='bbox 1099 2245 1105 2259; x_wconf 82' lang='grc'>,</span> 
     </span>
     <span class='ocr_line' id='line_1_19' title="bbox 285 2295 1171 2378; baseline 0.006 -25"><span class='ocrx_word' id='word_1_114' title='bbox 285 2295 342 2354; x_wconf 91' lang='lat' dir='ltr'><strong>sed</strong></span> <span class='ocrx_word' id='word_1_115' title='bbox 364 2303 467 2355; x_wconf 84' lang='lat' dir='ltr'><strong>tamen</strong></span> <span class='ocrx_word' id='word_1_116' title='bbox 491 2299 647 2376; x_wconf 75' lang='lat' dir='ltr'><strong>aspiceres</strong></span> <span class='ocrx_word' id='word_1_117' title='bbox 669 2298 797 2371; x_wconf 88' lang='lat' dir='ltr'><strong>vellem,</strong></span> <span class='ocrx_word' id='word_1_118' title='bbox 822 2306 913 2376; x_wconf 92' lang='lat' dir='ltr'><strong>prout</strong></span> <span class='ocrx_word' id='word_1_119' title='bbox 934 2299 1003 2378; x_wconf 89' lang='lat' dir='ltr'><strong>ipse</strong></span> <span class='ocrx_word' id='word_1_120' title='bbox 1025 2296 1171 2375; x_wconf 84' lang='lat' dir='ltr'><strong>rogabas,</strong></span> 
     </span>
     <span class='ocr_line' id='line_1_20' title="bbox 331 2396 1145 2478; baseline 0.005 -24"><span class='ocrx_word' id='word_1_121' title='bbox 331 2403 363 2454; x_wconf 92' lang='lat' dir='ltr'><strong>et</strong></span> <span class='ocrx_word' id='word_1_122' title='bbox 386 2396 487 2457; x_wconf 89' lang='lat' dir='ltr'><strong>discas</strong></span> <span class='ocrx_word' id='word_1_123' title='bbox 510 2419 645 2478; x_wconf 89' lang='lat' dir='ltr'><strong>sponsae</strong></span> <span class='ocrx_word' id='word_1_124' title='bbox 668 2398 817 2476; x_wconf 87' lang='lat' dir='ltr'><strong>languida</strong></span> <span class='ocrx_word' id='word_1_125' title='bbox 838 2398 974 2458; x_wconf 87' lang='lat' dir='ltr'><strong>membra</strong></span> <span class='ocrx_word' id='word_1_126' title='bbox 996 2408 1083 2458; x_wconf 88' lang='lat' dir='ltr'><strong>tuae:</strong></span> <span class='ocrx_word' id='word_1_127' title='bbox 1142 2475 1145 2478; x_wconf 21' lang='grc' dir='ltr'>Ι</span> 
     </span>
     <span class='ocr_line' id='line_1_21' title="bbox 287 2497 1080 2578; baseline 0 -21"><span class='ocrx_word' id='word_1_128' title='bbox 287 2497 392 2558; x_wconf 91' lang='lat' dir='ltr'><strong>durius</strong></span> <span class='ocrx_word' id='word_1_129' title='bbox 417 2507 448 2558; x_wconf 90' lang='lat' dir='ltr'><strong>et</strong></span> <span class='ocrx_word' id='word_1_130' title='bbox 470 2499 552 2558; x_wconf 88' lang='lat' dir='ltr'><strong>ferro</strong></span> <span class='ocrx_word' id='word_1_131' title='bbox 577 2519 642 2558; x_wconf 90' lang='lat' dir='ltr'><strong>cum</strong></span> <span class='ocrx_word' id='word_1_132' title='bbox 664 2500 704 2558; x_wconf 92' lang='lat' dir='ltr'><strong>sit</strong></span> <span class='ocrx_word' id='word_1_133' title='bbox 725 2499 781 2558; x_wconf 91' lang='lat' dir='ltr'><strong>tibi</strong></span> <span class='ocrx_word' id='word_1_134' title='bbox 803 2510 927 2578; x_wconf 89' lang='lat' dir='ltr'><strong>pectus,</strong></span> <span class='ocrx_word' id='word_1_135' title='bbox 951 2500 1080 2573; x_wconf 90' lang='lat' dir='ltr'><strong>Aconti,</strong></span> 
     </span>
     <span class='ocr_line' id='line_1_22' title="bbox 217 2600 1039 2679; baseline -0.001 -21"><span class='ocrx_word' id='word_1_136' title='bbox 217 2607 269 2662; x_wconf 87' lang='grc'>230</span> <span class='ocrx_word' id='word_1_137' title='bbox 332 2608 396 2659; x_wconf 91' lang='lat' dir='ltr'><strong>tum</strong></span> <span class='ocrx_word' id='word_1_138' title='bbox 417 2601 542 2660; x_wconf 88' lang='lat' dir='ltr'><strong>veniam</strong></span> <span class='ocrx_word' id='word_1_139' title='bbox 564 2602 677 2660; x_wconf 90' lang='lat' dir='ltr'><strong>nostris</strong></span> <span class='ocrx_word' id='word_1_140' title='bbox 700 2600 826 2660; x_wconf 90' lang='lat' dir='ltr'><strong>vocibus</strong></span> <span class='ocrx_word' id='word_1_141' title='bbox 849 2602 918 2679; x_wconf 86' lang='lat' dir='ltr'><strong>ipse</strong></span> <span class='ocrx_word' id='word_1_142' title='bbox 940 2609 1039 2679; x_wconf 88' lang='lat' dir='ltr'><strong>petes.</strong></span> 
     </span>
     <span class='ocr_line' id='line_1_23' title="bbox 289 2702 1142 2782; baseline -0.001 -22"><span class='ocrx_word' id='word_1_143' title='bbox 289 2721 331 2760; x_wconf 91' lang='lat' dir='ltr'><strong>ne</strong></span> <span class='ocrx_word' id='word_1_144' title='bbox 353 2709 457 2761; x_wconf 90' lang='lat' dir='ltr'><strong>tamen</strong></span> <span class='ocrx_word' id='word_1_145' title='bbox 479 2703 619 2780; x_wconf 85' lang='lat' dir='ltr'><strong>ignores,</strong></span> <span class='ocrx_word' id='word_1_146' title='bbox 645 2722 704 2782; x_wconf 88' lang='lat' dir='ltr'><strong>ope</strong></span> <span class='ocrx_word' id='word_1_147' title='bbox 729 2722 790 2781; x_wconf 87' lang='lat' dir='ltr'><strong>qua</strong></span> <span class='ocrx_word' id='word_1_148' title='bbox 812 2702 1004 2762; x_wconf 82' lang='lat' dir='ltr'><strong>revalescere</strong></span> <span class='ocrx_word' id='word_1_149' title='bbox 1028 2702 1142 2780; x_wconf 90' lang='lat' dir='ltr'><strong>possim</strong></span> 
     </span>
     <span class='ocr_line' id='line_1_24' title="bbox 330 2803 1020 2883; baseline 0.001 -22"><span class='ocrx_word' id='word_1_150' title='bbox 330 2803 487 2883; x_wconf 83' lang='lat' dir='ltr'><strong>quaeritur</strong></span> <span class='ocrx_word' id='word_1_151' title='bbox 509 2823 527 2862; x_wconf 90' lang='lat' dir='ltr'><strong>a</strong></span> <span class='ocrx_word' id='word_1_152' title='bbox 548 2803 682 2882; x_wconf 89' lang='lat' dir='ltr'><strong>Delphis</strong></span> <span class='ocrx_word' id='word_1_153' title='bbox 705 2803 769 2862; x_wconf 80' lang='lat' dir='ltr'><strong>iata</strong></span> <span class='ocrx_word' id='word_1_154' title='bbox 793 2812 925 2863; x_wconf 82' lang='lat' dir='ltr'><strong>canente</strong></span> <span class='ocrx_word' id='word_1_155' title='bbox 950 2803 1020 2863; x_wconf 90' lang='lat' dir='ltr'><strong>deo.</strong></span> 
     </span>
     <span class='ocr_line' id='line_1_25' title="bbox 288 2906 1259 2985; baseline 0.002 -22"><span class='ocrx_word' id='word_1_156' title='bbox 288 2906 313 2963; x_wconf 91' lang='lat' dir='ltr'><strong>is</strong></span> <span class='ocrx_word' id='word_1_157' title='bbox 338 2925 462 2984; x_wconf 89' lang='lat' dir='ltr'><strong>qnoque</strong></span> <span class='ocrx_word' id='word_1_158' title='bbox 485 2907 589 2965; x_wconf 90' lang='lat' dir='ltr'><strong>nescio</strong></span> <span class='ocrx_word' id='word_1_159' title='bbox 615 2925 721 2985; x_wconf 86' lang='lat' dir='ltr'><strong>qnam,</strong></span> <span class='ocrx_word' id='word_1_160' title='bbox 744 2926 827 2966; x_wconf 91' lang='lat' dir='ltr'><strong>nnnc</strong></span> <span class='ocrx_word' id='word_1_161' title='bbox 848 2915 881 2965; x_wconf 93' lang='lat' dir='ltr'><strong>nt</strong></span> <span class='ocrx_word' id='word_1_162' title='bbox 903 2925 985 2983; x_wconf 87' lang='lat' dir='ltr'><strong>vaga</strong></span> <span class='ocrx_word' id='word_1_163' title='bbox 1007 2906 1088 2964; x_wconf 87' lang='lat' dir='ltr'><strong>fama</strong></span> <span class='ocrx_word' id='word_1_164' title='bbox 1110 2914 1259 2981; x_wconf 87' lang='lat' dir='ltr'><strong>susurrat,</strong></span> 
     </span>
    </p>
   </div>
   <div class='ocr_carea' id='block_1_3' title="bbox 212 3091 1359 4424">
    <p class='ocr_par' dir='ltr' id='par_1_3' title="bbox 212 3091 1359 4424">
     <span class='ocr_line' id='line_1_26' title="bbox 283 3091 1336 3156; baseline 0.002 -16"><span class='ocrx_word' id='word_1_165' title='bbox 283 3105 309 3140; x_wconf 84' lang='lat' dir='ltr'><strong>v.</strong></span> <span class='ocrx_word' id='word_1_166' title='bbox 327 3091 377 3140; x_wconf 80' lang='lat'><strong>210</strong></span> <span class='ocrx_word' id='word_1_167' title='bbox 400 3092 469 3156; x_wconf 81' lang='lat' dir='ltr'><strong>quod</strong></span> <span class='ocrx_word' id='word_1_168' title='bbox 486 3091 569 3154; x_wconf 76' lang='lat' dir='ltr'><strong>saciet</strong></span> <span class='ocrx_word' id='word_1_169' title='bbox 584 3105 610 3142; x_wconf 86' lang='lat' dir='ltr'><strong>v.</strong></span> <span class='ocrx_word' id='word_1_170' title='bbox 629 3115 660 3124; x_wconf 87' lang='grc'><strong>-</strong></span> <span class='ocrx_word' id='word_1_171' title='bbox 679 3093 772 3142; x_wconf 81' lang='lat' dir='ltr'>v..211</span> <span class='ocrx_word' id='word_1_172' title='bbox 798 3093 920 3147; x_wconf 76' lang='lat' dir='ltr'><strong>cumvalus&#39;</strong></span> <span class='ocrx_word' id='word_1_173' title='bbox 942 3093 1049 3140; x_wconf 82' lang='lat' dir='ltr'><strong>nundum</strong></span> <span class='ocrx_word' id='word_1_174' title='bbox 1068 3105 1092 3142; x_wconf 84' lang='lat' dir='ltr'><strong>v.</strong></span> <span class='ocrx_word' id='word_1_175' title='bbox 1111 3118 1144 3126; x_wconf 93' lang='lat'>—</span> <span class='ocrx_word' id='word_1_176' title='bbox 1161 3106 1188 3141; x_wconf 89' lang='lat' dir='ltr'><strong>v.</strong></span> <span class='ocrx_word' id='word_1_177' title='bbox 1207 3093 1256 3142; x_wconf 81' lang='lat'><strong>213</strong></span> <span class='ocrx_word' id='word_1_178' title='bbox 1273 3108 1336 3142; x_wconf 82' lang='lat' dir='ltr'><strong>sane</strong></span> 
     </span>
     <span class='ocr_line' id='line_1_27' title="bbox 216 3173 1336 3242; baseline 0.004 -20"><span class='ocrx_word' id='word_1_179' title='bbox 216 3180 243 3223; x_wconf 79' lang='lat' dir='ltr'><strong>ut</strong></span> <span class='ocrx_word' id='word_1_180' title='bbox 261 3173 345 3223; x_wconf 87' lang='lat' dir='ltr'><strong>editio</strong></span> <span class='ocrx_word' id='word_1_181' title='bbox 363 3175 479 3238; x_wconf 89' lang='lat' dir='ltr'><strong>Heinsi,</strong></span> <span class='ocrx_word' id='word_1_182' title='bbox 504 3175 550 3239; x_wconf 90' lang='lat' dir='ltr'><strong>qui</strong></span> <span class='ocrx_word' id='word_1_183' title='bbox 570 3175 620 3224; x_wconf 91' lang='lat' dir='ltr'><strong>eoi.</strong></span> <span class='ocrx_word' id='word_1_184' title='bbox 640 3192 705 3224; x_wconf 80' lang='lat' dir='ltr'><strong>onrre</strong></span> <span class='ocrx_word' id='word_1_185' title='bbox 723 3182 759 3224; x_wconf 81' lang='lat' dir='ltr'><strong>ct.</strong></span> <span class='ocrx_word' id='word_1_186' title='bbox 779 3203 809 3210; x_wconf 85' lang='lat'>—</span> <span class='ocrx_word' id='word_1_187' title='bbox 834 3192 859 3225; x_wconf 94' lang='lat' dir='ltr'><strong>v.</strong></span> <span class='ocrx_word' id='word_1_188' title='bbox 879 3177 929 3224; x_wconf 88' lang='grc'>214</span> <span class='ocrx_word' id='word_1_189' title='bbox 947 3176 1006 3224; x_wconf 83' lang='lat' dir='ltr'><strong>bina</strong></span> <span class='ocrx_word' id='word_1_190' title='bbox 1023 3175 1149 3239; x_wconf 72' lang='lat' dir='ltr'><strong>trophoeo</strong></span> <span class='ocrx_word' id='word_1_191' title='bbox 1166 3176 1235 3238; x_wconf 85' lang='lat' dir='ltr'><strong>Lv,</strong></span> <span class='ocrx_word' id='word_1_192' title='bbox 1259 3178 1336 3242; x_wconf 70' lang='lat' dir='ltr'><strong>digna</strong></span> 
     </span>
     <span class='ocr_line' id='line_1_28' title="bbox 217 3258 1359 3326; baseline 0.001 -18"><span class='ocrx_word' id='word_1_193' title='bbox 217 3265 325 3322; x_wconf 76' lang='lat' dir='ltr'><strong>tropaeo</strong></span> <span class='ocrx_word' id='word_1_194' title='bbox 342 3259 509 3324; x_wconf 88' lang='lat' dir='ltr'><strong>Lennepius,</strong></span> <span class='ocrx_word' id='word_1_195' title='bbox 530 3261 576 3324; x_wconf 91' lang='lat' dir='ltr'><strong>qui</strong></span> <span class='ocrx_word' id='word_1_196' title='bbox 595 3259 716 3309; x_wconf 88' lang='lat' dir='ltr'><strong>debebat</strong></span> <span class='ocrx_word' id='word_1_197' title='bbox 734 3258 814 3308; x_wconf 89' lang='lat' dir='ltr'><strong>simul</strong></span> <span class='ocrx_word' id='word_1_198' title='bbox 833 3259 954 3309; x_wconf 87' lang='lat' dir='ltr'><strong>scribere</strong></span> <span class='ocrx_word' id='word_1_199' title='bbox 973 3260 1073 3323; x_wconf 62' lang='lat' dir='ltr'><strong>ingenio</strong></span> <span class='ocrx_word' id='word_1_200' title='bbox 1093 3265 1120 3308; x_wconf 91' lang='lat' dir='ltr'><strong>et</strong></span> <span class='ocrx_word' id='word_1_201' title='bbox 1138 3267 1189 3310; x_wconf 83' lang='lat' dir='ltr'><strong>tuo.</strong></span> <span class='ocrx_word' id='word_1_202' title='bbox 1216 3261 1359 3326; x_wconf 68' lang='lat' dir='ltr'><strong>praetuli*</strong></span> 
     </span>
     <span class='ocr_line' id='line_1_29' title="bbox 215 3342 1336 3410; baseline 0.003 -16"><span class='ocrx_word' id='word_1_203' title='bbox 215 3359 314 3408; x_wconf 75' lang='lat' dir='ltr'><strong>mopso.</strong></span> <span class='ocrx_word' id='word_1_204' title='bbox 341 3359 406 3394; x_wconf 89' lang='lat' dir='ltr'><strong>nam</strong></span> <span class='ocrx_word' id='word_1_205' title='bbox 423 3344 483 3394; x_wconf 79' lang='lat' dir='ltr'><strong>birro</strong></span> <span class='ocrx_word' id='word_1_206' title='bbox 502 3360 518 3394; x_wconf 88' lang='lat' dir='ltr'><strong>a</strong></span> <span class='ocrx_word' id='word_1_207' title='bbox 535 3342 649 3394; x_wconf 87' lang='lat' dir='ltr'><strong>librario</strong></span> <span class='ocrx_word' id='word_1_208' title='bbox 668 3343 721 3394; x_wconf 91' lang='lat' dir='ltr'><strong>huc</strong></span> <span class='ocrx_word' id='word_1_209' title='bbox 739 3344 897 3394; x_wconf 86' lang='lat' dir='ltr'><strong>memoriter</strong></span> <span class='ocrx_word' id='word_1_210' title='bbox 914 3343 1030 3392; x_wconf 86' lang='lat' dir='ltr'><strong>inlatum</strong></span> <span class='ocrx_word' id='word_1_211' title='bbox 1049 3359 1083 3392; x_wconf 80' lang='lat' dir='ltr'><strong>ex</strong></span> <span class='ocrx_word' id='word_1_212' title='bbox 1095 3359 1137 3410; x_wconf 88' lang='lat' dir='ltr'><strong>ep.</strong></span> <span class='ocrx_word' id='word_1_213' title='bbox 1149 3345 1190 3395; x_wconf 92' lang='lat' dir='ltr'><strong>IV</strong></span> <span class='ocrx_word' id='word_1_214' title='bbox 1201 3346 1244 3406; x_wconf 89' lang='grc'><strong>66,</strong></span> <span class='ocrx_word' id='word_1_215' title='bbox 1257 3346 1336 3396; x_wconf 89' lang='lat' dir='ltr'>XVII</span> 
     </span>
     <span class='ocr_line' id='line_1_30' title="bbox 215 3429 1336 3492; baseline 0.003 -15"><span class='ocrx_word' id='word_1_216' title='bbox 215 3429 274 3492; x_wconf 90' lang='grc'>242,</span> <span class='ocrx_word' id='word_1_217' title='bbox 292 3444 358 3479; x_wconf 89' lang='lat' dir='ltr'><strong>rem.</strong></span> <span class='ocrx_word' id='word_1_218' title='bbox 373 3429 431 3492; x_wconf 82' lang='lat'><strong>158,</strong></span> <span class='ocrx_word' id='word_1_219' title='bbox 446 3433 498 3480; x_wconf 88' lang='lat' dir='ltr'><strong>etc.</strong></span> <span class='ocrx_word' id='word_1_220' title='bbox 512 3455 546 3464; x_wconf 85' lang='lat'><em>-</em></span> <span class='ocrx_word' id='word_1_221' title='bbox 563 3445 588 3480; x_wconf 88' lang='lat' dir='ltr'><strong>v.</strong></span> <span class='ocrx_word' id='word_1_222' title='bbox 607 3431 656 3479; x_wconf 87' lang='grc'><strong>216</strong></span> <span class='ocrx_word' id='word_1_223' title='bbox 674 3445 757 3480; x_wconf 83' lang='lat' dir='ltr'><strong>mense</strong></span> <span class='ocrx_word' id='word_1_224' title='bbox 775 3445 800 3480; x_wconf 86' lang='lat' dir='ltr'><strong>v.</strong></span> <span class='ocrx_word' id='word_1_225' title='bbox 821 3455 852 3464; x_wconf 87' lang='lat'>-</span> <span class='ocrx_word' id='word_1_226' title='bbox 870 3443 896 3478; x_wconf 82' lang='lat' dir='ltr'><strong>v.</strong></span> <span class='ocrx_word' id='word_1_227' title='bbox 910 3429 959 3479; x_wconf 79' lang='grc'>217</span> <span class='ocrx_word' id='word_1_228' title='bbox 978 3429 1089 3478; x_wconf 83' lang='lat' dir='ltr'><strong>condida</strong></span> <span class='ocrx_word' id='word_1_229' title='bbox 1107 3445 1138 3478; x_wconf 83' lang='lat' dir='ltr'><strong>ne</strong></span> <span class='ocrx_word' id='word_1_230' title='bbox 1155 3443 1182 3478; x_wconf 87' lang='lat' dir='ltr'><strong>v.</strong></span> <span class='ocrx_word' id='word_1_231' title='bbox 1195 3453 1230 3466; x_wconf 86' lang='lat'>-</span> <span class='ocrx_word' id='word_1_232' title='bbox 1246 3445 1272 3479; x_wconf 88' lang='lat' dir='ltr'><strong>v.</strong></span> <span class='ocrx_word' id='word_1_233' title='bbox 1286 3431 1336 3480; x_wconf 89' lang='grc'><strong>222</strong></span> 
     </span>
     <span class='ocr_line' id='line_1_31' title="bbox 212 3512 1335 3579; baseline 0.002 -17"><span class='ocrx_word' id='word_1_234' title='bbox 212 3515 327 3578; x_wconf 75' lang='lat' dir='ltr'><strong>pelenda</strong></span> <span class='ocrx_word' id='word_1_235' title='bbox 344 3530 401 3564; x_wconf 84' lang='lat' dir='ltr'><strong>mea</strong></span> <span class='ocrx_word' id='word_1_236' title='bbox 417 3513 481 3576; x_wconf 71' lang='lat' dir='ltr'><strong>Lu,</strong></span> <span class='ocrx_word' id='word_1_237' title='bbox 500 3515 600 3579; x_wconf 87' lang='lat' dir='ltr'><strong>scripsi</strong></span> <span class='ocrx_word' id='word_1_238' title='bbox 615 3516 698 3578; x_wconf 83' lang='lat' dir='ltr'><strong>petita</strong></span> <span class='ocrx_word' id='word_1_239' title='bbox 715 3530 778 3564; x_wconf 73' lang='lat' dir='ltr'><strong>ntea.</strong></span> <span class='ocrx_word' id='word_1_240' title='bbox 808 3513 952 3563; x_wconf 88' lang='lat' dir='ltr'><strong>librarium</strong></span> <span class='ocrx_word' id='word_1_241' title='bbox 966 3529 982 3562; x_wconf 88' lang='lat' dir='ltr'><strong>a</strong></span> <span class='ocrx_word' id='word_1_242' title='bbox 994 3513 1098 3562; x_wconf 83' lang='lat' dir='ltr'><strong>tradito</strong></span> <span class='ocrx_word' id='word_1_243' title='bbox 1112 3512 1226 3562; x_wconf 86' lang='lat' dir='ltr'><strong>abduxit</strong></span> <span class='ocrx_word' id='word_1_244' title='bbox 1238 3513 1335 3564; x_wconf 86' lang='lat' dir='ltr'><strong>talium</strong></span> 
     </span>
     <span class='ocr_line' id='line_1_32' title="bbox 214 3598 1337 3663; baseline 0.001 -15"><span class='ocrx_word' id='word_1_245' title='bbox 214 3613 342 3648; x_wconf 88' lang='lat' dir='ltr'><strong>versuum</strong></span> <span class='ocrx_word' id='word_1_246' title='bbox 359 3598 491 3648; x_wconf 87' lang='lat' dir='ltr'><strong>memoria</strong></span> <span class='ocrx_word' id='word_1_247' title='bbox 510 3598 606 3663; x_wconf 90' lang='lat' dir='ltr'><strong>quales</strong></span> <span class='ocrx_word' id='word_1_248' title='bbox 624 3603 687 3649; x_wconf 91' lang='lat' dir='ltr'><strong>sunt</strong></span> <span class='ocrx_word' id='word_1_249' title='bbox 705 3614 732 3649; x_wconf 87' lang='lat' dir='ltr'><strong>a.</strong></span> <span class='ocrx_word' id='word_1_250' title='bbox 751 3614 777 3648; x_wconf 88' lang='lat' dir='ltr'><strong>a.</strong></span> <span class='ocrx_word' id='word_1_251' title='bbox 796 3598 840 3649; x_wconf 93' lang='lat' dir='ltr'><strong>III</strong></span> <span class='ocrx_word' id='word_1_252' title='bbox 852 3599 894 3661; x_wconf 82' lang='grc'>52,</span> <span class='ocrx_word' id='word_1_253' title='bbox 913 3599 942 3648; x_wconf 94' lang='grc' dir='ltr'><strong>ΙΙ</strong></span> <span class='ocrx_word' id='word_1_254' title='bbox 954 3600 1013 3657; x_wconf 85' lang='grc'>390,</span> <span class='ocrx_word' id='word_1_255' title='bbox 1033 3614 1076 3663; x_wconf 90' lang='lat' dir='ltr'><strong>ep.</strong></span> <span class='ocrx_word' id='word_1_256' title='bbox 1089 3598 1139 3649; x_wconf 87' lang='lat' dir='ltr'><strong>XV</strong></span> <span class='ocrx_word' id='word_1_257' title='bbox 1151 3599 1208 3658; x_wconf 89' lang='grc'>164,</span> <span class='ocrx_word' id='word_1_258' title='bbox 1226 3599 1298 3649; x_wconf 89' lang='lat' dir='ltr'><strong>trist.</strong></span> <span class='ocrx_word' id='word_1_259' title='bbox 1313 3600 1337 3649; x_wconf 96' lang='lat' dir='ltr'>V</span> 
     </span>
     <span class='ocr_line' id='line_1_33' title="bbox 216 3681 1333 3746; baseline 0.004 -17"><span class='ocrx_word' id='word_1_260' title='bbox 216 3682 254 3742; x_wconf 82' lang='lat'><strong>14,</strong></span> <span class='ocrx_word' id='word_1_261' title='bbox 267 3683 310 3742; x_wconf 88' lang='grc'>42,</span> <span class='ocrx_word' id='word_1_262' title='bbox 325 3681 383 3732; x_wconf 90' lang='lat' dir='ltr'><strong>alii.</strong></span> <span class='ocrx_word' id='word_1_263' title='bbox 409 3681 528 3731; x_wconf 84' lang='lat' dir='ltr'><strong>fortasse</strong></span> <span class='ocrx_word' id='word_1_264' title='bbox 544 3685 627 3746; x_wconf 79' lang='lat' dir='ltr'><strong>petito</strong></span> <span class='ocrx_word' id='word_1_265' title='bbox 639 3682 698 3732; x_wconf 77' lang='lat' dir='ltr'><strong>milri</strong></span> <span class='ocrx_word' id='word_1_266' title='bbox 709 3682 892 3732; x_wconf 88' lang='lat' dir='ltr'><strong>scribendum.</strong></span> <span class='ocrx_word' id='word_1_267' title='bbox 905 3708 939 3718; x_wconf 91' lang='lat'>—</span> <span class='ocrx_word' id='word_1_268' title='bbox 956 3699 982 3732; x_wconf 88' lang='lat' dir='ltr'><strong>v.</strong></span> <span class='ocrx_word' id='word_1_269' title='bbox 995 3684 1045 3733; x_wconf 88' lang='grc'><strong>223</strong></span> <span class='ocrx_word' id='word_1_270' title='bbox 1064 3699 1094 3732; x_wconf 84' lang='lat' dir='ltr'><strong>oe</strong></span> <span class='ocrx_word' id='word_1_271' title='bbox 1112 3684 1157 3732; x_wconf 82' lang='lat' dir='ltr'><strong>sim</strong></span> <span class='ocrx_word' id='word_1_272' title='bbox 1176 3682 1222 3732; x_wconf 77' lang='lat' dir='ltr'><strong>ribi</strong></span> <span class='ocrx_word' id='word_1_273' title='bbox 1238 3685 1291 3732; x_wconf 80' lang='lat' dir='ltr'><strong>aito</strong></span> <span class='ocrx_word' id='word_1_274' title='bbox 1309 3699 1333 3745; x_wconf 87' lang='lat' dir='ltr'><strong>v,</strong></span> 
     </span>
     <span class='ocr_line' id='line_1_34' title="bbox 214 3765 1336 3832; baseline 0.001 -17"><span class='ocrx_word' id='word_1_275' title='bbox 214 3767 299 3816; x_wconf 80' lang='lat' dir='ltr'><strong>uineta</strong></span> <span class='ocrx_word' id='word_1_276' title='bbox 312 3765 449 3816; x_wconf 87' lang='lat' dir='ltr'><strong>editiones</strong></span> <span class='ocrx_word' id='word_1_277' title='bbox 459 3765 565 3829; x_wconf 85' lang='lat' dir='ltr'><strong>Micylli</strong></span> <span class='ocrx_word' id='word_1_278' title='bbox 579 3769 606 3816; x_wconf 88' lang='lat' dir='ltr'><strong>et</strong></span> <span class='ocrx_word' id='word_1_279' title='bbox 618 3767 790 3816; x_wconf 88' lang='lat' dir='ltr'><strong>Bersmanni.</strong></span> <span class='ocrx_word' id='word_1_280' title='bbox 802 3794 832 3800; x_wconf 86' lang='lat'><em>-</em></span> <span class='ocrx_word' id='word_1_281' title='bbox 846 3783 872 3817; x_wconf 88' lang='lat' dir='ltr'><strong>v.</strong></span> <span class='ocrx_word' id='word_1_282' title='bbox 883 3767 934 3816; x_wconf 92' lang='grc'><strong>224</strong></span> <span class='ocrx_word' id='word_1_283' title='bbox 946 3782 995 3817; x_wconf 83' lang='lat' dir='ltr'><strong>noc</strong></span> <span class='ocrx_word' id='word_1_284' title='bbox 1004 3768 1135 3831; x_wconf 70' lang='lat' dir='ltr'><strong>pepigisse</strong></span> <span class='ocrx_word' id='word_1_285' title='bbox 1149 3765 1273 3832; x_wconf 84' lang='lat' dir='ltr'><strong>Cuperus</strong></span> <span class='ocrx_word' id='word_1_286' title='bbox 1283 3767 1300 3821; x_wconf 75' lang='lat' dir='ltr'><strong>l.</strong></span> <span class='ocrx_word' id='word_1_287' title='bbox 1310 3783 1336 3816; x_wconf 89' lang='lat' dir='ltr'><strong>c.</strong></span> 
     </span>
     <span class='ocr_line' id='line_1_35' title="bbox 214 3849 1337 3917; baseline 0.002 -18"><span class='ocrx_word' id='word_1_288' title='bbox 214 3851 355 3915; x_wconf 77' lang='lat' dir='ltr'><strong>11p.‘100.</strong></span> <span class='ocrx_word' id='word_1_289' title='bbox 373 3875 407 3886; x_wconf 91' lang='lat'>-</span> <span class='ocrx_word' id='word_1_290' title='bbox 424 3866 450 3901; x_wconf 90' lang='lat' dir='ltr'><strong>v.</strong></span> <span class='ocrx_word' id='word_1_291' title='bbox 463 3851 513 3901; x_wconf 79' lang='grc'><strong>227</strong></span> <span class='ocrx_word' id='word_1_292' title='bbox 531 3851 662 3916; x_wconf 82' lang='lat' dir='ltr'><strong>adspicias</strong></span> <span class='ocrx_word' id='word_1_293' title='bbox 678 3853 764 3902; x_wconf 81' lang='lat' dir='ltr'><strong>vellem</strong></span> <span class='ocrx_word' id='word_1_294' title='bbox 776 3853 845 3917; x_wconf 83' lang='lat' dir='ltr'><strong>quod</strong></span> <span class='ocrx_word' id='word_1_295' title='bbox 856 3859 881 3901; x_wconf 81' lang='lat' dir='ltr'><strong>et</strong></span> <span class='ocrx_word' id='word_1_296' title='bbox 892 3853 947 3915; x_wconf 85' lang='lat' dir='ltr'><strong>ipse</strong></span> <span class='ocrx_word' id='word_1_297' title='bbox 959 3851 1070 3915; x_wconf 70' lang='lat' dir='ltr'><strong>repobus</strong></span> <span class='ocrx_word' id='word_1_298' title='bbox 1082 3849 1234 3900; x_wconf 91' lang='lat' dir='ltr'><strong>Bentleius.</strong></span> <span class='ocrx_word' id='word_1_299' title='bbox 1257 3858 1337 3916; x_wconf 82' lang='lat' dir='ltr'><strong>prout</strong></span> 
     </span>
     <span class='ocr_line' id='line_1_36' title="bbox 214 3935 1336 4000; baseline 0.001 -17"><span class='ocrx_word' id='word_1_300' title='bbox 214 3935 281 3984; x_wconf 92' lang='lat' dir='ltr'><strong>mibi</strong></span> <span class='ocrx_word' id='word_1_301' title='bbox 295 3951 402 4000; x_wconf 87' lang='lat' dir='ltr'><strong>quoque</strong></span> <span class='ocrx_word' id='word_1_302' title='bbox 415 3939 572 4000; x_wconf 87' lang='lat' dir='ltr'><strong>suspectum</strong></span> <span class='ocrx_word' id='word_1_303' title='bbox 585 3935 703 3986; x_wconf 87' lang='lat' dir='ltr'><strong>videtur.</strong></span> <span class='ocrx_word' id='word_1_304' title='bbox 717 3963 749 3971; x_wconf 97' lang='lat'>—</span> <span class='ocrx_word' id='word_1_305' title='bbox 767 3952 792 3987; x_wconf 85' lang='lat' dir='ltr'><strong>v.</strong></span> <span class='ocrx_word' id='word_1_306' title='bbox 806 3935 856 3986; x_wconf 88' lang='grc'><strong>228</strong></span> <span class='ocrx_word' id='word_1_307' title='bbox 874 3943 899 3986; x_wconf 78' lang='lat' dir='ltr'><strong>et</strong></span> <span class='ocrx_word' id='word_1_308' title='bbox 917 3937 1002 3986; x_wconf 78' lang='lat' dir='ltr'><strong>diseas</strong></span> <span class='ocrx_word' id='word_1_309' title='bbox 1019 3949 1073 3984; x_wconf 91' lang='lat' dir='ltr'><strong>non</strong></span> <span class='ocrx_word' id='word_1_310' title='bbox 1086 3949 1192 3984; x_wconf 89' lang='lat' dir='ltr'><strong>sanum.</strong></span> <span class='ocrx_word' id='word_1_311' title='bbox 1223 3938 1336 4000; x_wconf 78' lang='lat' dir='ltr'><strong>aspicias</strong></span> 
     </span>
     <span class='ocr_line' id='line_1_37' title="bbox 215 4018 1334 4083; baseline 0 -15"><span class='ocrx_word' id='word_1_312' title='bbox 215 4018 368 4070; x_wconf 88' lang='lat' dir='ltr'><strong>Bentleius.</strong></span> <span class='ocrx_word' id='word_1_313' title='bbox 392 4046 423 4054; x_wconf 92' lang='lat'><em>-</em></span> <span class='ocrx_word' id='word_1_314' title='bbox 449 4035 475 4070; x_wconf 89' lang='lat' dir='ltr'><strong>v.</strong></span> <span class='ocrx_word' id='word_1_315' title='bbox 493 4022 543 4070; x_wconf 87' lang='grc'><strong>229</strong></span> <span class='ocrx_word' id='word_1_316' title='bbox 566 4037 620 4070; x_wconf 84' lang='lat' dir='ltr'><strong>cum</strong></span> <span class='ocrx_word' id='word_1_317' title='bbox 641 4022 688 4070; x_wconf 83' lang='lat' dir='ltr'><strong>sim</strong></span> <span class='ocrx_word' id='word_1_318' title='bbox 711 4020 757 4070; x_wconf 78' lang='lat' dir='ltr'><strong>tibi</strong></span> <span class='ocrx_word' id='word_1_319' title='bbox 777 4035 803 4070; x_wconf 88' lang='lat' dir='ltr'><strong>v.</strong></span> <span class='ocrx_word' id='word_1_320' title='bbox 828 4021 916 4070; x_wconf 81' lang='lat' dir='ltr'><strong>durius</strong></span> <span class='ocrx_word' id='word_1_321' title='bbox 932 4020 1050 4083; x_wconf 70' lang='lat' dir='ltr'><strong>ciserno</strong></span> <span class='ocrx_word' id='word_1_322' title='bbox 1068 4019 1169 4068; x_wconf 80' lang='lat' dir='ltr'><strong>iamsit</strong></span> <span class='ocrx_word' id='word_1_323' title='bbox 1186 4018 1231 4068; x_wconf 81' lang='lat' dir='ltr'><strong>tibi</strong></span> <span class='ocrx_word' id='word_1_324' title='bbox 1249 4019 1334 4068; x_wconf 91' lang='lat' dir='ltr'><strong>Hein-</strong></span> 
     </span>
     <span class='ocr_line' id='line_1_38' title="bbox 216 4102 1332 4171; baseline -0.003 -17"><span class='ocrx_word' id='word_1_325' title='bbox 216 4103 289 4166; x_wconf 85' lang='lat' dir='ltr'><strong>sius,</strong></span> <span class='ocrx_word' id='word_1_326' title='bbox 307 4104 332 4152; x_wconf 85' lang='lat' dir='ltr'><strong>si</strong></span> <span class='ocrx_word' id='word_1_327' title='bbox 347 4104 381 4152; x_wconf 79' lang='lat' dir='ltr'><strong>sil</strong></span> <span class='ocrx_word' id='word_1_328' title='bbox 398 4103 584 4155; x_wconf 87' lang='lat' dir='ltr'><strong>Bersmannus</strong></span> <span class='ocrx_word' id='word_1_329' title='bbox 602 4105 631 4153; x_wconf 92' lang='lat' dir='ltr'><strong>in</strong></span> <span class='ocrx_word' id='word_1_330' title='bbox 649 4106 783 4171; x_wconf 85' lang='lat' dir='ltr'><strong>margine,</strong></span> <span class='ocrx_word' id='word_1_331' title='bbox 802 4105 852 4154; x_wconf 80' lang='lat' dir='ltr'><strong>nisi</strong></span> <span class='ocrx_word' id='word_1_332' title='bbox 868 4106 892 4154; x_wconf 81' lang='lat' dir='ltr'><strong>si</strong></span> <span class='ocrx_word' id='word_1_333' title='bbox 907 4103 1062 4156; x_wconf 89' lang='lat' dir='ltr'><strong>Bentleins.</strong></span> <span class='ocrx_word' id='word_1_334' title='bbox 1075 4102 1113 4138; x_wconf 81' lang='grc'><strong>-”</strong></span> <span class='ocrx_word' id='word_1_335' title='bbox 1125 4119 1152 4155; x_wconf 88' lang='lat' dir='ltr'><strong>v.</strong></span> <span class='ocrx_word' id='word_1_336' title='bbox 1164 4104 1215 4153; x_wconf 88' lang='grc'>230</span> <span class='ocrx_word' id='word_1_337' title='bbox 1232 4109 1259 4151; x_wconf 80' lang='lat' dir='ltr'><strong>tu</strong></span> <span class='ocrx_word' id='word_1_338' title='bbox 1271 4104 1293 4151; x_wconf 92' lang='lat' dir='ltr'>L</span> <span class='ocrx_word' id='word_1_339' title='bbox 1307 4120 1332 4166; x_wconf 88' lang='lat' dir='ltr'><strong>v,</strong></span> 
     </span>
     <span class='ocr_line' id='line_1_39' title="bbox 213 4187 1335 4256; baseline -0.002 -18"><span class='ocrx_word' id='word_1_340' title='bbox 213 4187 314 4256; x_wconf 87' lang='lat' dir='ltr'><strong>scripsi</strong></span> <span class='ocrx_word' id='word_1_341' title='bbox 326 4194 386 4238; x_wconf 84' lang='lat' dir='ltr'><strong>tum.</strong></span> <span class='ocrx_word' id='word_1_342' title='bbox 408 4195 484 4252; x_wconf 80' lang='lat' dir='ltr'><strong>petus</strong></span> <span class='ocrx_word' id='word_1_343' title='bbox 496 4188 518 4237; x_wconf 90' lang='lat' dir='ltr'>L</span> <span class='ocrx_word' id='word_1_344' title='bbox 531 4203 558 4250; x_wconf 88' lang='lat' dir='ltr'><strong>v,</strong></span> <span class='ocrx_word' id='word_1_345' title='bbox 578 4189 679 4254; x_wconf 86' lang='lat' dir='ltr'><strong>scripsi</strong></span> <span class='ocrx_word' id='word_1_346' title='bbox 693 4197 776 4254; x_wconf 80' lang='lat' dir='ltr'><strong>petes.</strong></span> <span class='ocrx_word' id='word_1_347' title='bbox 789 4215 823 4224; x_wconf 93' lang='lat'><em>-</em></span> <span class='ocrx_word' id='word_1_348' title='bbox 840 4205 867 4240; x_wconf 86' lang='lat' dir='ltr'><strong>v.</strong></span> <span class='ocrx_word' id='word_1_349' title='bbox 879 4191 928 4240; x_wconf 89' lang='grc'>231</span> <span class='ocrx_word' id='word_1_350' title='bbox 947 4205 978 4239; x_wconf 83' lang='lat' dir='ltr'><strong>ne</strong></span> <span class='ocrx_word' id='word_1_351' title='bbox 997 4196 1079 4239; x_wconf 79' lang='lat' dir='ltr'><strong>tamen</strong></span> <span class='ocrx_word' id='word_1_352' title='bbox 1095 4190 1205 4252; x_wconf 79' lang='lat' dir='ltr'><strong>ipnores,</strong></span> <span class='ocrx_word' id='word_1_353' title='bbox 1224 4201 1335 4252; x_wconf 78' lang='lat' dir='ltr'><strong>opeque</strong></span> 
     </span>
     <span class='ocr_line' id='line_1_40' title="bbox 213 4271 1322 4340; baseline -0.005 -16"><span class='ocrx_word' id='word_1_354' title='bbox 213 4276 373 4324; x_wconf 83' lang='lat' dir='ltr'><strong>recalescere</strong></span> <span class='ocrx_word' id='word_1_355' title='bbox 386 4273 499 4337; x_wconf 85' lang='lat' dir='ltr'><strong>possim:</strong></span> <span class='ocrx_word' id='word_1_356' title='bbox 517 4273 651 4337; x_wconf 76' lang='lat' dir='ltr'><strong>quaeritur</strong></span> <span class='ocrx_word' id='word_1_357' title='bbox 669 4290 693 4323; x_wconf 90' lang='lat' dir='ltr'><strong>e.</strong></span> <span class='ocrx_word' id='word_1_358' title='bbox 707 4290 732 4338; x_wconf 90' lang='lat' dir='ltr'><strong>q.</strong></span> <span class='ocrx_word' id='word_1_359' title='bbox 746 4288 767 4324; x_wconf 89' lang='lat' dir='ltr'><strong>s.</strong></span> <span class='ocrx_word' id='word_1_360' title='bbox 780 4273 872 4340; x_wconf 87' lang='lat' dir='ltr'><strong>vulgo.</strong></span> <span class='ocrx_word' id='word_1_361' title='bbox 903 4274 1010 4324; x_wconf 88' lang='lat' dir='ltr'><strong>correxi</strong></span> <span class='ocrx_word' id='word_1_362' title='bbox 1028 4271 1287 4337; x_wconf 83' lang='lat' dir='ltr'><strong>interpunctionem.</strong></span> <span class='ocrx_word' id='word_1_363' title='bbox 1302 4298 1322 4306; x_wconf 92' lang='lat'>-</span> 
     </span>
     <span class='ocr_line' id='line_1_41' title="bbox 213 4358 1025 4424; baseline -0.001 -17"><span class='ocrx_word' id='word_1_364' title='bbox 213 4370 240 4407; x_wconf 86' lang='lat' dir='ltr'><strong>v.</strong></span> <span class='ocrx_word' id='word_1_365' title='bbox 259 4359 309 4409; x_wconf 87' lang='grc'>233</span> <span class='ocrx_word' id='word_1_366' title='bbox 327 4363 352 4408; x_wconf 84' lang='lat' dir='ltr'><strong>et</strong></span> <span class='ocrx_word' id='word_1_367' title='bbox 370 4372 469 4424; x_wconf 82' lang='lat' dir='ltr'><strong>qnoque</strong></span> <span class='ocrx_word' id='word_1_368' title='bbox 487 4358 572 4407; x_wconf 84' lang='lat' dir='ltr'><strong>nescio</strong></span> <span class='ocrx_word' id='word_1_369' title='bbox 590 4365 708 4423; x_wconf 80' lang='lat' dir='ltr'><strong>quantum</strong></span> <span class='ocrx_word' id='word_1_370' title='bbox 725 4374 790 4408; x_wconf 83' lang='lat' dir='ltr'><strong>nunc</strong></span> <span class='ocrx_word' id='word_1_371' title='bbox 807 4374 896 4422; x_wconf 75' lang='lat' dir='ltr'><strong>mopso</strong></span> <span class='ocrx_word' id='word_1_372' title='bbox 911 4359 982 4422; x_wconf 80' lang='lat' dir='ltr'><strong>sama</strong></span> <span class='ocrx_word' id='word_1_373' title='bbox 999 4372 1025 4407; x_wconf 89' lang='lat' dir='ltr'><strong>v.</strong></span> 
     </span>
    </p>
   </div>
   <div class='ocr_carea' id='block_1_4' title="bbox 0 0 1646 5158">
    <p class='ocr_par' dir='ltr' id='par_1_4' title="bbox 0 0 1646 5158">
     <span class='ocr_line' id='line_1_42' title="bbox 0 0 1646 5158; baseline 0 0"><span class='ocrx_word' id='word_1_374' title='bbox 0 0 1646 5158; x_wconf 95' lang='lat' dir='ltr'><strong> </strong></span> 
     </span>
    </p>
   </div>
  </div>
 </body>
</html>
