3284 5158
742 443 971 506 -146-

414 617 578 678 restiterim
599 616 666 676 fixis
689 616 722 674 in
744 623 798 676 tua
820 615 955 676 membra
977 616 1066 694 genis
1139 684 1142 690 ¹

375 726 421 794 et,
443 728 475 778 te
500 717 570 778 dum
593 717 719 777 nimium
740 718 846 792 miror,
870 725 945 777 nota
967 725 1052 777 certa
1074 717 1200 791 furoris,

417 819 591 880 deciderint
612 819 737 879 humero
760 819 857 898 pallia
879 821 969 898 lapsa
989 838 1069 878 meo.

373 920 536 1002 postmodo
559 923 665 980 nescio
688 940 749 1000 qua
769 921 895 980 venisse
917 918 1053 980 volubile
1076 921 1187 980 malum

303 1033 356 1085 210
421 1021 516 1082 verba
538 1023 642 1082 ferens
667 1021 765 1082 doctis
787 1020 939 1082 insidiosa
960 1023 1058 1082 notis:

375 1124 458 1205 quod
482 1124 554 1202 quia
575 1124 615 1183 sit
636 1122 749 1183 lectum
770 1131 878 1182 sancta
900 1130 1066 1202 praesente
1088 1123 1206 1197 Diana,

417 1245 486 1284 esse
508 1232 592 1284 tuam
612 1224 747 1284 vinctam
769 1224 895 1282 numine
917 1231 998 1283 teste
1019 1223 1120 1283 fidem.

375 1346 416 1386 ne
438 1335 542 1385 tamen
564 1326 702 1403 ignoret,
726 1325 832 1404 scripti
854 1325 1010 1384 sententia
1033 1345 1112 1405 quae
1135 1326 1190 1399 sit,

417 1429 498 1487 lecta
518 1425 576 1486 tibi
599 1426 755 1506 quondam
777 1445 859 1484 nunc
881 1445 1005 1505 quoque
1027 1425 1124 1486 verba
1146 1426 1238 1486 refer.

306 1539 356 1591 215
381 1528 493 1603 ‘nube,
517 1528 652 1607 precor',
677 1527 774 1600 dicet,
800 1526 865 1586 ‘cui
887 1534 919 1585 te
940 1525 1025 1586 bona
1046 1528 1173 1587 numina
1195 1529 1334 1605 iungunt,

418 1650 508 1710 quem
530 1629 597 1690 fore
619 1620 742 1703 iurasti,
765 1630 806 1688 sit
828 1647 926 1706 gener
946 1628 1000 1688 ille
1022 1629 1113 1689 mihi:

374 1731 512 1811 quisquis
534 1730 561 1790 is
585 1739 647 1804 est,
670 1730 808 1809 placeat,
832 1730 977 1811 quoniam
999 1730 1102 1809 placet
1125 1737 1196 1789 ante
1219 1730 1365 1790 Dianae'.

414 1832 485 1890 talis
509 1832 566 1892 erit
587 1840 700 1905 mater,
723 1831 863 1891 simodo
886 1839 983 1890 mater
1006 1832 1072 1891 erit.

373 1933 400 1993 si
421 1941 526 1992 tamen
549 1941 581 1993 et
603 1941 744 2013 quaerat,
769 1934 837 2013 quis
859 1934 916 1992 sim
939 1933 1114 2013 qualisque,
1138 1932 1261 1992 videto:

302 2043 355 2096 220
419 2035 562 2095 inveniet
582 2033 670 2094 vobis
693 2035 882 2094 consuluisse
907 2035 1007 2094 deam.

371 2136 474 2195 insula
497 2135 656 2194 Carthaeis
680 2135 836 2214 quondam
859 2134 1058 2195 celeberrima
1079 2135 1225 2214 nymphis

417 2237 549 2314 cingitur
570 2237 714 2315 Aegaeo,
738 2237 864 2296 nomine
888 2235 967 2309 Oea,
990 2237 1075 2294 mari.

370 2339 425 2397 illa
446 2338 519 2397 mihi
541 2337 681 2417 patriast.
711 2356 784 2411 nec,
808 2338 835 2396 si
857 2355 1010 2414 generosa
1031 2336 1169 2416 probatis

415 2440 555 2512 nomina,
581 2438 735 2518 despectis
758 2458 869 2516 arguor
892 2447 973 2498 onus
996 2439 1072 2498 avis.

305 2549 356 2600 225
379 2549 451 2599 sunt
474 2549 504 2599 et
527 2559 602 2619 opes
625 2538 729 2613 nobis,
753 2547 825 2600 sunt
849 2547 879 2599 et
901 2539 969 2599 sine
993 2541 1118 2599 crimine
1140 2560 1255 2614 mores,

415 2642 545 2721 amplius
567 2649 662 2721 utque
685 2640 777 2716 nihil,
801 2661 850 2700 me
871 2640 928 2700 tibi
950 2641 1051 2719 iungit
1072 2662 1165 2702 amor.

373 2750 539 2823 appeteres
561 2742 724 2808 talem,vel
746 2763 810 2802 non
832 2744 932 2802 iurata
953 2744 1107 2804 maritum:

413 2845 531 2902 iuratae
553 2844 606 2903 vel
627 2864 691 2902 non
713 2845 784 2903 talis
806 2843 968 2904 habendus
992 2852 1066 2903 erat.

372 2945 451 3003 haec
472 2943 528 3003 tibi
549 2964 598 3004 me
620 2945 653 3003 in
675 2944 790 3003 somnis
812 2944 973 3004 iaculatrix
994 2945 1127 3004 seribere
1150 2945 1294 3019 Phoebe,

300 3054 353 3109 230
416 3045 494 3104 haec
515 3044 573 3105 tibi
594 3065 642 3104 me
664 3046 791 3123 vigilem
812 3045 947 3105 scribere
968 3046 1057 3104 iussit
1078 3046 1188 3106 Amor:

374 3166 391 3205 e
414 3145 524 3226 quibus
547 3147 672 3206 alterius
694 3147 768 3208 mihi
790 3147 851 3206 iam
872 3165 1006 3206 nocuere
1029 3147 1175 3224 sagittae,

323 3313 325 3320 χ
413 3249 538 3307 alterius
560 3257 757 3308 noceantne
779 3249 835 3308 tibi
856 3249 934 3323 tela,
959 3268 1044 3308 cave.

369 3464 396 3498 v.
415 3450 464 3499 207
481 3453 509 3496 nt
526 3453 552 3497 te
569 3447 669 3519 Pan-
686 3463 713 3500 v.
725 3450 776 3498 208
793 3450 944 3499 deciderant
955 3448 986 3497 L.
1001 3473 1026 3483 —
1051 3463 1078 3500 v,
1090 3451 1140 3505 209
1148 3458 1210 3514 post
1221 3465 1267 3515 ego
1281 3448 1314 3510 G,
1333 3451 1416 3500 neseio

301 3547 350 3597 qno
367 3531 420 3580 Ρ2.
438 3557 472 3567 -
494 3547 521 3580 v.
540 3532 682 3580 alodialis
701 3531 733 3580 G.
755 3556 781 3565 -
806 3547 833 3582 v.
852 3533 901 3581 212
919 3540 963 3581 tua
979 3533 1069 3582 victam
1088 3533 1123 3595 G,
1148 3541 1214 3583 tuam
1230 3535 1320 3584 vietam
1338 3533 1365 3584 S.
1385 3560 1416 3570 —-

300 3631 325 3666 v.
345 3616 395 3664 213
412 3630 444 3665 ne
462 3621 544 3664 tamen
560 3616 678 3677 ignorent
696 3615 728 3676 G,
747 3631 794 3665 nee
810 3623 893 3666 tamen
910 3617 1028 3681 ignorent
1045 3620 1081 3680 L,
1101 3634 1133 3667 ne
1151 3625 1232 3668 tamen
1249 3619 1370 3683 ignorant
1387 3617 1415 3681 S,

300 3716 331 3749 ne
355 3707 437 3750 tamen
458 3702 559 3764 ignoret
580 3715 646 3763 quae
663 3701 697 3748 eit
713 3702 839 3750 sententia
856 3701 949 3764 scripti
965 3700 1018 3749 Ρ2.
1043 3727 1076 3736 -—
1095 3716 1124 3750 .v.
1143 3702 1193 3750 216
1216 3703 1315 3772 nomina
1333 3699 1365 3750 G.
1384 3727 1418 3736 —

300 3799 325 3832 v.
345 3784 395 3832 217
413 3784 522 3832 tentavi
537 3784 636 3847 placuit
655 3785 770 3849 quoniam
788 3793 855 3834 ante.
875 3811 908 3818 —
931 3801 956 3835 v.
977 3787 1026 3835 219
1044 3787 1092 3836 sed
1109 3793 1191 3834 tamen
1208 3785 1260 3834 Ρ2.
1296 3788 1320 3836 ei
1336 3793 1417 3834 tamen

299 3868 412 3932 inquirat
429 3867 570 3918 Heinsius.
590 3893 620 3902 -·
639 3883 665 3918 v.
685 3870 735 3918 220
753 3869 826 3919 nobis
842 3870 865 3918 L
879 3869 906 3920 S.
919 3894 950 3903 -
969 3884 996 3920 v.
1015 3870 1062 3917 221
1081 3869 1184 3918 conicite
1202 3867 1296 3933 GPa,
1316 3869 1416 3919 ctoria-

195 4016 199 4025 Ι
301 3951 359 4001 stite
375 3951 414 4014 L,
437 3952 584 4001 corrinttiis
607 3950 640 4017 S,
665 3952 799 4004 Carthaeis
816 3953 999 4003 Buttmannus
1021 3951 1130 4016 mythol.
1150 3953 1178 4002 II
1194 3968 1221 4016 p.
1239 3953 1289 4002 120
1300 3967 1355 4014 sq.,
1379 3952 1415 4001 of.

300 4035 538 4086 Schneidewinum
562 4036 596 4085 ad
619 4035 762 4086 Heraclid.
786 4036 841 4101 pol.
866 4053 890 4090 c.
909 4039 934 4086 0.
953 4061 984 4070 -
1009 4051 1035 4085 v.
1054 4037 1104 4086 223
1124 4036 1249 4100 probarit
1269 4036 1293 4085 L
1311 4035 1365 4085 Ρ2.
1384 4061 1416 4070 -

298 4135 325 4172 v.
345 4120 395 4168 224
412 4135 524 4184 auguror
541 4121 612 4170 orici
629 4122 702 4184 aquia
722 4121 754 4181 G,
773 4122 845 4185 aquia
864 4121 948 4170 etiam
966 4118 1034 4178 LS,
1053 4122 1127 4184 aquia
1144 4121 1173 4170 in
1190 4122 1245 4170 acis
1263 4121 1418 4168 correctum

299 4202 352 4252 Ρ2.
373 4231 404 4239 -
425 4219 452 4254 v.
471 4205 520 4253 223
538 4210 564 4254 et
579 4209 639 4252 sant
654 4206 709 4252 aine
728 4203 754 4252 S.
773 4230 808 4241 -
829 4220 853 4253 v.
872 4205 921 4252 226
939 4205 1027 4267 iungat
1047 4203 1114 4256 GL.
1134 4231 1165 4240 —-
1188 4219 1215 4254 v.
1234 4205 1284 4252 229
1302 4204 1418 4266 trasopnis

299 4287 337 4349 L,
368 4291 395 4338 in
417 4291 529 4351 sompnis
546 4287 629 4336 Pae.
654 4313 685 4320 -
707 4301 734 4336 v.
754 4289 804 4337 230
826 4289 931 4350 vigilans
950 4285 974 4336 G
990 4287 1014 4335 L
1031 4287 1075 4336 Pa
1092 4286 1124 4350 S,
1155 4283 1252 4352 vigilem
1275 4287 1327 4336 duo
1345 4286 1416 4335 Bur-

300 4371 401 4419 manni.
419 4397 454 4407 —-
471 4387 497 4422 v.
516 4373 564 4422 231
583 4387 618 4420 ex
636 4370 723 4435 quibua
740 4371 773 4420 L.
