3284 5158
688 1369 972 1453 ADDENDA

356 1579 392 1637 P.
416 1587 449 1640 13
480 1578 513 1637 in
545 1575 734 1654 Antiphanis
770 1577 989 1655 epigrammate
1025 1577 1109 1636 anth.
1138 1578 1174 1636 P.
1200 1577 1251 1638 XI
1275 1586 1341 1652 322,
1370 1569 1399 1638 5'

271 1679 406 1739 Palatini
429 1678 498 1738 libri
520 1679 701 1756 scripturam
723 1667 826 1748 σκότος
844 1697 911 1736 cum
926 1679 1066 1757 plagulas
1083 1679 1267 1756 corrigerem
1283 1699 1386 1739 emen-

273 1781 345 1841 davi
366 1774 465 1858 κόρος.
488 1800 560 1839 nam
582 1780 723 1847 novimus
745 1778 871 1859 quidem
892 1780 1098 1840 Metrotimum
1124 1781 1162 1840 ab
1185 1781 1386 1860 Hipponacte

272 1885 329 1962 frg.
345 1890 379 1947 76
400 1885 499 1942 Mein.
514 1879 569 1960 (cf.
586 1882 645 1960 frg.
661 1890 704 1956 36,
720 1878 749 1958 2)
773 1873 888 1955 σκότον,
912 1881 1135 1964 tenebrionem,
1160 1881 1230 1957 dici,
1247 1891 1280 1942 at
1295 1883 1387 1962 quale

173 2050 182 2059 ,
270 1987 310 2045 sit
332 1984 537 2064 opprobrium,
561 1983 588 2042 si
606 1983 794 2060 grammatici
809 1983 913 2062 pueris
930 2002 1005 2062 qnos
1021 1985 1176 2043 instruunt
1189 1982 1387 2043 tenebrarum

270 2087 368 2146 instar
391 2105 459 2146 esse
482 2085 632 2159 dicuntur,
661 2102 727 2143 non
749 2085 822 2143 item
843 2084 950 2165 liquet.
971 2085 1060 2144 immo
1082 2085 1141 2146 hoc
1162 2085 1319 2165 quandam
1339 2106 1386 2146 re-

272 2185 415 2247 conditae
437 2194 468 2245 ct
489 2186 647 2246 abstrusae
671 2185 829 2246 doctrinae
848 2185 1075 2246 confessionem
1090 2186 1250 2247 continere
1264 2187 1386 2248 videre·

269 2297 327 2352 tur.
351 2308 456 2349 verum
477 2277 664 2367 ἆρχομένοισι
687 2307 810 2370 quoque
833 2289 959 2347 tolerari
981 2289 1097 2368 nequit.
1121 2289 1309 2368 scripserim:

749 2452 853 2515 παισὶν
874 2451 962 2534 κόρος
982 2446 1184 2534 ἆγθομένοισι.

270 2664 349 2724 qnae
372 2645 562 2704 antecedunt
581 2650 664 2702 recte
678 2640 803 2715 habent,
829 2661 1012 2740 Quamquam
1026 2643 1059 2700 in
1075 2643 1219 2702 Palatino
1237 2632 1284 2702 est
1298 2662 1385 2718 τιοιη-

270 2743 330 2802 τῶν
346 2789 353 2802 .
369 2787 397 2804 ..
413 2744 466 2822 βαι
480 2743 558 2803 τιοσί.
589 2742 682 2821 λῶβαι
698 2742 848 2803 Planudis
865 2743 1041 2803 coniectura
1057 2751 1111 2818 est,
1129 2743 1186 2804 sed
1201 2743 1385 2804 indubitata.

271 2854 301 2905 et
316 2844 401 2904 παισί
422 2866 554 2928 quoque,
579 2845 663 2926 quod
681 2845 781 2906 eidem
798 2844 936 2920 debetur,
962 2865 1068 2904 omnes
1086 2844 1312 2925 probabilitatis
1329 2866 1384 2905 nn·

269 2968 368 3008 meros
392 2948 505 3028 explet.

353 3050 487 3110 Rasin
504 3047 672 3110 Clementis
694 3048 797 3110 verbis
818 3057 921 3109 strom.
944 3049 974 3110 V
988 3057 1006 3111 8
1020 3069 1051 3128 p.
1064 3055 1116 3112 676
1136 3048 1292 3126 vulgatam
1313 3051 1384 3108 scri·

268 3159 390 3231 pturam
411 3148 452 3224 εἰς
474 3139 612 3227 ἐξήγησιν
633 3149 846 3228 γραμματικῶν
868 3149 943 3209 dedi
966 3149 1161 3210 emendatam
1182 3147 1223 3220 εἰς
1246 3141 1385 3229 ἐξήγησιν

267 3244 485 3332 γραμματικήν.
510 3252 549 3311 cf.
571 3253 758 3331 Dionysium
785 3251 823 3312 de
845 3251 986 3331 Thucyd.
1011 3271 1036 3310 c.
1053 3262 1086 3314 51
1109 3237 1307 3330 εὐαρίθμητοι
1326 3245 1384 3332 γάρ

266 3374 344 3426 τινες
363 3350 437 3414 εἰσὶν
459 3351 494 3412 οἱ
509 3343 608 3411 πάντα
628 3343 664 3411 τῶ
682 3349 870 3412 Θουκυδίδου
887 3351 1047 3430 συμβαλεῖν
1069 3343 1229 3431 δυνάμενοι
1250 3349 1302 3412 καὶ
1315 3343 1380 3414 οὐδ’

268 3437 349 3512 οὗτοι
371 3453 460 3536 χωρὶς
481 3447 689 3532 ἐξηγήσεως
704 3456 964 3535 γραμματικῆς
985 3451 1059 3513 ἔνια.
1091 3472 1093 3476 ·

351 3556 387 3612 Ρ.
403 3565 437 3616 25
453 3575 499 3633 sq.
524 3556 704 3616 Callimachi
727 3559 786 3636 frg.
801 3567 851 3621 138
872 3558 905 3616 in
920 3557 1092 3618 Hesiodum
1116 3577 1206 3638 quam
1221 3559 1253 3617 in
1269 3560 1384 3619 Home·

267 3673 333 3712 rum
347 3656 492 3734 scriptum
507 3657 624 3714 mavult
633 3657 847 3732 Benndorfius,
864 3657 1035 3718 admonens
1045 3659 1099 3718 ille
1111 3659 1262 3720 Hesiodei
1275 3679 1383 3720 versus

266 3755 370 3834 theog.
386 3765 421 3818 30
444 3764 475 3814 et
496 3755 672 3814 Pausaniae
694 3757 744 3815 IX
766 3767 819 3834 30,
840 3769 865 3821 3.
888 3760 932 3818 ita
955 3768 1037 3820 esset
1058 3761 1249 3839 iungendum
1271 3757 1382 3840 δειδεγ-

266 3852 353 3932 μένος
375 3847 497 3934 ῥάβδον.

350 3959 386 4017 Ρ.
410 3968 445 4021 30
467 3957 688 4018 Callimachum
711 3959 794 4039 quod
817 3980 835 4018 a
857 3980 998 4022 sermone
1021 3963 1186 4023 Homerico
1214 3963 1383 4024 declinavit
1476 4023 1493 4036 ,

264 4056 461 4120 Aristarchus
484 4067 573 4119 notat
601 4078 724 4140 quoque
746 4061 842 4122 schol.
866 4063 970 4127 1219:
1007 4062 1193 4141 Καλλίμαχος
1221 4059 1253 4123 δὲ
1282 4065 1382 4137 κακῶς

265 4148 311 4217 *τὸ
332 4155 387 4237 μὲν
408 4153 487 4232 θύος
507 4151 612 4237 ἤρχετο
633 4150 775 4238 titillato!
803 4153 936 4244 Ὅμηρος
958 4159 990 4222 δὲ
1011 4156 1092 4225 θύου
1113 4165 1167 4225 τοῦ
1182 4155 1381 4242 θυμιάματος.

266 4262 303 4320 cf.
326 4263 438 4322 Lehrsi
459 4263 626 4322 Aristarch.
649 4285 680 4343 p.
697 4275 747 4330 219
762 4288 809 4346 sq.
