3254 5158
760 400 971 466 ..14-

315 574 418 636 dicere
441 596 505 636 nou
528 575 773 657 improbabiliter
795 577 906 656 possit,
930 577 982 656 qui
1003 576 1100 636 verba
1121 576 1198 638 velit
1218 597 1368 658 premere,
1392 599 1425 639 se

312 679 393 738 intra
408 699 516 738 manus
538 679 653 739 habere
675 680 767 739 talem
785 677 964 764 Callimachi
986 671 1122 757 πρόκακα
1139 680 1191 739 vel
1212 680 1318 740 horum
1342 689 1425 742 certe

312 800 518 855 assensorem,
542 782 681 840 Erinnae
705 780 829 859 quidem
851 778 1045 840 immodicum
1066 780 1272 856 laudatorem,
1296 780 1352 841 sed
1367 782 1425 840 τῶν

309 874 445 958 μεγάλων
458 880 581 959 κηλῖδα,
605 880 729 961 quando
746 882 870 962 quidem
884 883 1023 941 Erinnae
1044 891 1199 943 trecentos
1219 903 1326 944 versus
1347 886 1425 943 tanti

310 982 363 1040 ille
385 983 490 1044 valere
512 984 641 1058 iudicet,
667 984 892 1063 quantitatum
913 984 1090 1044 Homerum.

395 1086 541 1165 Denique
569 1086 628 1145 hoc
655 1085 727 1144 mihi
761 1083 924 1146 considera
951 1085 1110 1166 Antipatri
1136 1085 1423 1146 Thessalonicensis

311 1188 489 1264 poemation
512 1187 597 1245 anth.
620 1187 656 1246 P.
679 1187 729 1246 XI
750 1196 793 1261 20,
824 1186 907 1267 quod
934 1189 1135 1267 perapposite
1159 1189 1202 1248 eis
1225 1187 1425 1266 subiungatur

311 1288 551 1364 epigrammatis,
575 1307 655 1368 quae
678 1287 768 1348 modo
790 1288 1014 1348 enarravimus:

463 1413 597 1500 Φεήγεθ’
620 1411 683 1481 ὅσοι
706 1414 815 1493 λόκκας
836 1411 858 1498 ή
878 1421 1020 1498 λοφνίδας
1040 1411 1062 1499 ή
1081 1424 1253 1500 καμασήνας

502 1514 604 1606 ᾄδετε,
625 1524 757 1602 ποιητῶν
778 1525 876 1600 φῦλον
897 1512 1130 1604 ἆκανθολόμοον,

459 1623 495 1684 οἴ
511 1615 538 1683 τ’
563 1621 658 1685 ἐπέων
680 1617 791 1704 κόσμον
813 1623 1020 1704 λελογισμένον
1041 1616 1223 1703 ἆσκήσαντες

502 1720 615 1806 κρήνης
636 1722 666 1798 ἐξ
687 1725 768 1804 ίερής
789 1727 887 1787 πίνετε
909 1719 989 1786 larda
1011 1717 1102 1806 ὕδωρ.

459 1819 588 1906 σήμερον
606 1815 788 1906 Ἀρχιλόχοιο
810 1824 861 1886 καὶ
884 1819 1007 1906 δι’ρσενος
1028 1811 1108 1906 ἦμαρ
1126 1818 1256 1908 Ὁμήρου

466 1991 467 1994 ¹
502 1925 680 2005 σπένδομεν·
703 1915 719 1986 δ
742 1922 854 2008 κρητὴρ
878 1919 913 1988 οὗ
937 1917 1036 2006 δέχεθ’
1054 1918 1235 2008 ,δδροπόταρ

393 2063 547 2142 Quoniam
571 2064 792 2126 Callimacheos
815 2065 853 2125 ab
883 2085 1037 2146 anonymo
1066 2085 1160 2146 supra
1182 2066 1313 2127 vidimus
1334 2066 1424 2142 σήτας

306 2152 519 2243 ἆκανθοβοὶτας
547 2168 669 2242 vocarI,
705 2188 741 2228 eo
772 2169 873 2228 statim
905 2168 1036 2228 inclinat
1068 2169 1202 2242 animus,
1236 2177 1270 2228 ut
1298 2167 1336 2227 ab
1365 2170 1423 2228 hoc

307 2266 439 2343 ποιητῶν
453 2257 668 2346 δαανθολόμων
683 2261 768 2351 φύλῳ
784 2277 896 2328 tectam
912 2268 1093 2329 Callimachi
1115 2279 1220 2330 notam
1234 2289 1298 2329 non
1314 2270 1423 2330 abesse

307 2370 475 2429 credamus.
518 2369 689 2430 videndum
717 2371 823 2449 igitur,
854 2391 960 2432 nonne
988 2372 1104 2432 relicua
1130 2373 1163 2431 in
1195 2371 1326 2432 eundern
1350 2393 1422 2452 qua·

309 2468 409 2530 drent.
455 2463 549 2547 λόκκη
570 2493 632 2533 vox
653 2493 717 2532 uon
740 2473 897 2532 invenitur
918 2471 1071 2543 adhibita,
1099 2473 1421 2555 praeterquamquod

308 2572 390 2650 apud
407 2574 597 2653 Hesychium
619 2582 703 2634 recte
726 2583 926 2670 correxerunt
947 2564 1040 2650 λόκκη
1064 2572 1150 2653 (οοδ.
1173 2565 1280 2653 λόκμη)
1302 2566 1422 2652 χλαμής,

308 2667 439 2746 ἐφαπτίς.
492 2675 669 2755 quibuscum
700 2675 739 2735 cf.
772 2676 939 2735 Arcadium
973 2697 1004 2756 p.
1035 2685 1087 2738 122
1116 2673 1216 2737 Schm.
1268 2662 1421 2752 λοφνίδας,

306 2777 518 2852 grammaticos
546 2785 579 2838 ut
606 2777 724 2837 mittam
745 2798 764 2836 a
786 2776 955 2837 Schmidtio
981 2777 1021 2836 ad
1048 2779 1186 2858 Hesych.
1215 2777 1320 2854 λοφνίς
1347 2779 1420 2837 alla-

305 2885 362 2952 tos,
386 2887 554 2946 memorant
577 2899 644 2938 curn
658 2878 823 2960 Irycophro
839 2885 883 2953 48,
899 2887 963 2939 tum
984 2887 1103 2958 poeta
1123 2881 1303 2942 incertus
1327 2890 1420 2960 etym.

305 2999 343 3038 m.
367 3000 397 3058 p.
422 2988 482 3054 570,
505 2990 537 3044 ὃς
560 2979 676 3054 λοφνίς,

775 3071 842 3154 τεδις
863 3069 921 3140 ἆνδ
944 3079 1085 3157 λοφνίδας
1108 3079 1199 3160 ἴσχων

304 3203 356 3285 τδς
372 3206 534 3291 λαμπάδας.
567 3212 676 3290 κυρίως
692 3210 724 3273 δὲ
737 3215 874 3292 λοφνίδες
896 3214 1030 3296 λέγονται
1045 3215 1080 3275 αἱ
1097 3210 1252 3294 μονόξυλοι
1273 3211 1422 3297 λαμπάδες

304 3312 355 3373 καὶ
386 3313 468 3398 δαλῷ
495 3310 698 3393 παραπλήσιοι
725 3316 812 3401 δᾷδες
841 3341 868 3380 e.
900 3341 930 3400 q.
953 3341 977 3380 s.
1008 3319 1090 3400 quod
1120 3321 1212 3381 facile
1241 3321 1420 3382 Callimachi

306 3425 352 3477 est
381 3418 597 3496 fragmentum,
635 3420 719 3480 cuius
749 3431 870 3482 constat
905 3431 988 3481 certe
1018 3421 1112 3498 longe
1146 3423 1277 3500 plurima
1305 3441 1373 3480 esse
1403 3440 1419 3478 e

304 3518 408 3578 vacuis
431 3520 496 3579 istIs
525 3519 672 3581 frustulis.
716 3523 888 3601 καμασήνας
916 3524 1017 3602 pisces
1048 3519 1221 3581 identidem
1249 3522 1420 3599 generatim

251 3643 257 3652 ·
306 3620 426 3680 dixerat
448 3620 664 3700 Empedocles,
689 3626 727 3684 cf.
750 3627 866 3687 Athen.
883 3624 964 3685 VIII
984 3645 1016 3702 p.
1033 3620 1115 3685 3ilb
1139 3631 1170 3680 et
1186 3623 1268 3682 Plut.
1289 3631 1420 3704 quaestt.

303 3743 403 3802 symp.
418 3723 448 3784 V
471 3733 512 3797 10,
535 3731 553 3783 4
576 3733 652 3786 extr.
676 3726 732 3787 sed
754 3727 836 3787 hunc
859 3725 897 3784 ab
919 3723 1086 3802 Antipatro
1108 3723 1221 3802 respici
1243 3745 1350 3804 parum
1374 3733 1421 3785 est

302 3823 476 3903 probabile,
500 3827 559 3885 imo
575 3827 821 3888 Alexandrinum
845 3826 978 3904 aliquem
993 3833 1116 3902 poetam
1130 3825 1312 3886 vocabulum
1331 3826 1420 3888 obso-

302 3926 397 3984 letum
420 3924 458 3984 ab
481 3927 534 3986 illo
565 3932 781 4009 excipientem.
826 3947 862 3987 ac
890 3926 1029 3986 fortassis
1059 3947 1173 4006 operae
1202 3931 1334 4009 pretium
1362 3929 1420 3987 erit

302 4027 470 4103 indicasse,
495 4030 578 4109 quod
595 4029 798 4091 Callimachus
821 4049 914 4088 unam
936 4027 1066 4108 praebet
1089 4050 1127 4088 ex
1150 4033 1295 4112 oxytonis
1313 4027 1419 4087 itidem

302 4129 439 4190 formatis
467 4140 561 4211 atque
584 4152 603 4207 η
626 4128 835 4206 servantibus,
868 4151 948 4213 quae
977 4151 1103 4192 numero
1133 4142 1204 4194 sunt
1232 4150 1417 4212 perpaucae,

301 4226 403 4306 ἐσσήν,
432 4227 562 4308 ἐσσήνος.
589 4234 628 4294 cf.
651 4234 683 4290 in
706 4232 773 4291 Iov.
797 4242 831 4296 66
854 4243 885 4292 et
907 4235 966 4312 frg.
991 4233 1111 4294 Gallim.
1141 4233 1224 4314 apud
1245 4231 1417 4292 Herodian.

302 4332 373 4393 dict.
397 4335 453 4394 sol.
478 4340 518 4408 17,
542 4345 568 4408 5,
597 4332 649 4392 ubi
671 4334 703 4392 in
732 4335 882 4414 exemplis
911 4335 1075 4410 coniuncta
1103 4337 1248 4414 leguntur
1276 4327 1365 4410 ἕσσήν
1388 4340 1419 4392 et
