3254 5158
707 452 915 516 ..71-

252 626 291 684 cf.
314 625 347 684 X
369 633 421 687 274
442 645 511 704 sqq.
557 625 641 703 quod
663 624 704 684 ad
727 625 830 686 oculos
855 645 893 684 ex
914 625 962 684 his
985 627 1145 685 insomniis
1170 623 1275 698 δεινῶς
1298 613 1373 706 ὧρα-

252 726 394 799 κιώντας,
415 727 581 785 multorum
608 727 706 786 instar
727 727 766 785 sit
788 745 881 784 unum
901 726 1031 787 Achillis
1051 727 1121 787 Tat.
1146 729 1332 808 exemplum,
1356 732 1373 789 Ι

251 835 276 902 7,
299 837 332 890 3:
360 814 564 904 ἀνακροτήσας
586 809 641 884 οὖν
662 815 713 897 τας
735 829 833 904 χεῖρας
854 822 1000 905 ἐξεγέλασε
1023 823 1073 886 καὶ
1095 817 1224 900 ἆναστᾶς
1252 829 1371 905 κατεφί-

251 925 321 1004 λησέ
347 947 404 1003 μον
432 916 466 986 tri
493 923 640 1004 ἐμφαῖνον
668 921 829 1008 πρόσωπον
862 918 1046 1008 ἐρωτικὴν
1076 920 1290 1009 ἀγρυπνίαν
1321 928 1370 989 καὶ

250 1026 357 1112 ‘topic'
386 1021 469 1088 εἶπεν
496 1025 583 1112 ’ἐρᾷς
612 1019 751 1105 άληθῶς·
779 1028 812 1088 οἷ
830 1020 986 1107 ὀφθαλμοί
1005 1046 1059 1089 σου
1088 1027 1247 1110 λέγουσιν)
1292 1053 1371 1113 quae

250 1133 383 1191 imitatus
406 1129 530 1191 videtur
544 1131 723 1191 Eustathius
739 1133 790 1191 111
809 1139 835 1206 3,
852 1141 878 1194 4.
909 1132 949 1191 ad
973 1130 1077 1204 δεινοῖς
1093 1121 1229 1213 ὧρακιῶν
1251 1133 1291 1194 cf.
1306 1135 1370 1193 He-

251 1234 338 1313 sych.
363 1223 506 1309 ὦροκιᾶν.
544 1233 591 1292 cll.
616 1233 760 1312 Sapphus
783 1233 842 1311 frg.
865 1242 890 1308 2,
916 1242 949 1296 13
971 1254 1040 1314 sqq.

334 1351 385 1411 Aa
415 1372 467 1410 eas
502 1347 605 1411 autem
631 1351 746 1411 Aconti
774 1348 896 1430 vigillas
923 1354 1128 1412 Buttmannus
1155 1354 1175 1412 l.
1205 1375 1230 1413 c.
1259 1376 1290 1433 p.
1321 1363 1371 1415 124

86 1426 88 1432 Ι
151 1481 152 1484 “
248 1453 405 1512 revocavit
422 1452 601 1513 Callimachi
617 1452 675 1530 frg.
693 1457 756 1530 150,
781 1452 864 1533 quod
887 1455 1000 1532 legitur
1023 1463 1117 1534 etym.
1132 1475 1172 1513 m.
1188 1475 1219 1534 p.
1238 1463 1296 1528 117,
1323 1463 1369 1517 16:

250 1533 325 1632 ὦρος
347 1549 397 1611 καὶ
420 1543 530 1631 ἄωρος,
561 1543 636 1612 κατὰ
658 1545 844 1629 πλεονασμὸν
861 1549 919 1613 ιτοῦ
940 1575 959 1611 α
980 1551 1074 1631 μηδὲν
1095 1551 1186 1614 πλέον
1207 1554 1367 1632 σημαίνον-

247 1674 313 1725 τος·
338 1638 412 1734 αἷρος
434 1647 490 1732 γὰρ
513 1643 529 1712 ὅ
550 1645 660 1724 ὕπνος·
695 1653 879 1731 Καλλίμαχος

458 1762 596 1852 Ιπολλοῖκι
618 1769 670 1831 καὶ
692 1772 817 1832 κανθῶν
839 1763 935 1850 ἤλασα
958 1759 1036 1852 ὦρον
1057 1763 1117 1832 hirto

200 1939 202 1945 A
247 1871 297 1933 καὶ
322 1865 440 1950 Σαπφὼ

471 1964 641 2052 ὀφθαλμοῖς
664 1971 695 2036 δὲ
716 1971 818 2052 μέλαις
839 1965 947 2046 νυκτὸς
968 1966 1072 2053 ἄωρος.

247 2128 314 2188 eod.
338 2129 367 2188 D
390 2117 541 2202 ἡλάσσασα
565 2110 653 2208 ὦρον.
698 2130 950 2190 Hemsterhusius
973 2130 1135 2210 proposuit
1157 2119 1242 2204 ἥλασ’
1266 2119 1367 2207 ἄωρον

246 2231 298 2289 vel
322 2219 432 2304 ἤλασεν
459 2215 545 2308 ὦρον.
590 2252 718 2311 quorum
745 2231 819 2305 hoc,
853 2231 937 2310 quod
959 2231 1184 2292 Valckenarius
1208 2232 1366 2329 amplpxus

247 2341 293 2391 est
316 2332 394 2410 frgg.
420 2332 499 2409 eleg.
523 2354 554 2412 p.
578 2342 630 2420 293
650 2332 774 2410 longius
797 2331 885 2392 abest
907 2352 926 2390 a
948 2332 1072 2412 prodita
1094 2334 1259 2412 scriptura,
1289 2333 1366 2392 illud

246 2453 264 2490 a
275 2435 463 2492 Buttmanno
480 2443 639 2513 acceptum
655 2433 793 2494 duriores
811 2435 904 2494 efficit
919 2454 1072 2494 numeros.
1097 2443 1128 2493 et
1144 2433 1259 2494 ducunt
1275 2435 1366 2494 etiam

247 2535 413 2614 etymologi
429 2534 524 2594 verba
540 2555 593 2610 eo,
616 2543 650 2594 ut
672 2536 703 2593 in
727 2536 829 2615 priore
852 2536 993 2615 exemplo
1008 2536 1095 2596 malis
1111 2519 1189 2614 ὦρον
1203 2531 1365 2612 servari¹).

247 2656 341 2716 quare
363 2636 530 2716 probabilis
552 2636 675 2697 videtur
696 2637 774 2695 haec
795 2638 959 2695 eorrectio:

468 2763 597 2830 πολλάκι
621 2767 672 2827 καὶ
694 2769 819 2829 κανθοῖν
840 2758 954 2844 ἤλασαν
977 2752 1054 2848 ὦρον
1075 2757 1145 2827 ἄπο.

245 2924 344 3002 possis
367 2921 506 2999 μερίμναι
521 2924 667 3003 supplere
683 2924 735 2981 vel
749 2923 775 2982 si
792 2921 867 3003 quid
889 2921 1017 2982 habebis
1041 2923 1150 2982 simile.
1181 2941 1365 3001 quamquam

245 3027 321 3084 alius
337 3027 468 3086 fortasse
484 3026 616 3085 coniciet
636 3015 756 3100 ἥλασας.
788 3023 845 3084 sed
867 3025 1132 3103 interpretationis
1154 3024 1241 3083 varia
1262 3030 1365 3102 potest

245 3127 321 3185 ratio
344 3127 425 3185 iniri.
462 3125 501 3185 ad
526 3126 703 3206 Cydippam
729 3146 803 3185 vero
834 3125 893 3184 hoc
921 3125 978 3203 frg.
1008 3146 1071 3184 non
1101 3126 1258 3197 traxerim,
1289 3143 1362 3203 quo·
1446 3199 1450 3210 Ι

244 3228 327 3286 niam
354 3228 431 3287 illud
464 3218 590 3286 πολλάκι
618 3223 670 3286 καὶ
703 3247 810 3306 parum
843 3227 1001 3306 conspirat
1028 3247 1094 3286 eum
1121 3225 1364 3285 Aristaeneteis:

245 3320 360 3406 δάκρυα
382 3319 514 3404 μόνον,
537 3317 603 3406 οὐχ
624 3320 721 3386 ὕπνον
744 3327 780 3387 αἱ
797 3320 903 3398 νύκτες
925 3323 1037 3405 ἐπῆγον
1058 3327 1101 3409 τῷ
1121 3325 1266 3407 μειρακίῳ
1274 3323 1309 3402 ²).

328 3449 378 3507 Ita
405 3449 496 3528 igitur
525 3449 626 3507 animo
656 3448 797 3520 affectus,
837 3447 941 3526 speeie
968 3446 1133 3525 languidus
1167 3443 1363 3525 pallidusque

244 3549 340 3627 patris
365 3549 545 3629 adspectum
561 3550 641 3609 ferre
658 3570 721 3608 non
737 3556 873 3628 poterat,
898 3545 939 3618 εἰς
960 3535 1054 3625 ἀγρὸν
1076 3542 1124 3606 ἐπὶ
1146 3539 1227 3628 πάσῃ
1248 3537 1364 3625 προφά-

312 3798 331 3862 ¹)
351 3800 520 3865 Hesychius:
539 3785 625 3862 εὖρος·
644 3789 662 3864 ἡ
682 3790 743 3862 νύξ.
762 3813 844 3865 quam
862 3799 983 3864 glossam
1002 3799 1039 3849 M.
1058 3798 1226 3850 Schmidtius
1244 3799 1280 3850 ad
1298 3798 1362 3849 Cal·

243 3884 392 3935 limachum
411 3885 571 3934 dubitanter
589 3883 704 3934 rettulit.
723 3884 809 3934 idem:
834 3873 942 3946 ὥρι’ζει·
963 3874 1058 3934 ὑπνοῖ.
1083 3873 1184 3948 ὁμιλεῖ.
1205 3880 1360 3948 φροντίζει,

243 3966 373 4034 μεριμνᾷ,
391 3959 550 4034 α’ὃολεσχελ.

310 4050 330 4116 ²)
349 4053 386 4102 At
403 4053 456 4103 hnc
475 4054 608 4104 referrem
625 4052 781 4104 hexametri
799 4051 965 4117 particulam
984 4067 1065 4116 quam
1078 4051 1178 4102 Suidas
1191 4068 1211 4102 s.
1225 4068 1250 4102 v.
1263 4041 1362 4116 αἠδῶν

243 4135 328 4187 habet
351 4125 418 4187 οὐδ’
438 4125 522 4188 ’ὅσσον
544 4127 668 4201 αἠἃόνες
686 4128 861 4198 ὑπνώουσιν,
891 4152 908 4186 a
925 4133 1034 4187 Naekio
1051 4137 1121 4186 Hoc.
1146 4153 1173 4201 p.
1190 4139 1239 4186 251
1262 4135 1360 4201 impro-

243 4220 363 4270 babilius
381 4221 415 4272 ad
434 4221 571 4272 Hecalam
588 4227 756 4273 revocatam.
792 4221 840 4272 sed
859 4220 954 4271 nescio
973 4237 1009 4270 an
1028 4237 1089 4270 eam
1112 4219 1273 4270 dissuadeat
1296 4233 1360 4267 con-

242 4305 376 4356 iecturam
397 4305 523 4358 Meineki
551 4306 702 4371 disputatio
725 4307 758 4356 de
781 4305 935 4371 proverbiis
954 4305 1149 4372 paroemiacis‚
1175 4318 1245 4367 quae
1267 4306 1310 4352 est
1331 4301 1360 4350 in

243 4389 392 4441 Theocrito
409 4390 534 4442 Meinehi
552 4407 579 4456 p.
595 4392 647 4441 454
664 4407 722 4456 sqq.
742 4391 786 4441 cll.
806 4407 831 4456 p.
849 4392 909 4442 460.
