3254 5158
631 429 838 493 „19„-

178 602 326 662 iudicium
354 602 539 680 pertinebat.
569 603 608 661 cf.
637 603 834 664 Welckerum
867 623 916 682 cp.
946 605 1024 682 cycl.
1053 605 1069 663 Ι
1103 626 1135 683 p.
1167 615 1224 669 105,
1263 615 1294 665 at

177 705 300 782 gravius
324 705 416 762 etiam
440 709 500 777 est,
525 703 609 783 quod
632 703 835 764 Callimachus
858 704 936 764 dixit
958 705 1015 784 frg.
1038 713 1105 767 441:

395 843 485 929 Λύθη
506 850 557 912 καὶ
579 849 658 932 παχὺ
679 847 800 933 γράμμα
821 851 873 914 nni
894 847 936 914 οὐ
958 849 1076 935 τυρόν.
1120 891 1122 897 ·

177 1009 351 1069 nam'mihi
373 1007 498 1088 quidem
523 1028 624 1088 paene
653 1017 768 1072 certum
789 1009 925 1084 videtur,
958 1009 1046 1068 huius
1068 1011 1164 1090 ipsius
1187 1030 1293 1072 versus

177 1111 406 1170 cavillationem
432 1110 537 1169 inesse
559 1109 718 1192 Antipatri
746 1111 849 1171 verbis
878 1108 906 1168 εἰ
930 1101 1041 1191 τορὸν
1068 1093 1140 1184 οὖας
1168 1108 1299 1188 ἔλλαχεςί

176 1212 237 1270 hoc
260 1212 339 1270 enim
360 1211 452 1270 moris
476 1220 542 1272 erat
570 1213 909 1293 epigrammatistarum,
939 1220 973 1272 ut
993 1213 1026 1272 in
1048 1213 1205 1276 litterariis
1227 1215 1294 1275 istis

180 1312 339 1392 poematiis
367 1332 434 1370 cum
463 1313 601 1372 acumine
624 1323 802 1394 repeterent
825 1315 953 1398 aliorum
975 1313 1057 1376 dicta
1082 1322 1114 1374 et
1133 1315 1293 1390 vocabula,

181 1434 261 1494 quae
291 1422 371 1475 tecte
400 1433 436 1472 ac
464 1415 490 1474 si
522 1415 588 1473 fieri
621 1424 728 1496 posset
754 1417 872 1478 urbane
900 1416 951 1474 rel
980 1415 1215 1495 comprobarent
1241 1418 1294 1476 vel

180 1514 401 1595 detorquerent
428 1515 480 1574 vel
501 1515 683 1576 refutarent.
722 1518 819 1576 veluti
840 1517 1008 1596 Antipater
1031 1514 1177 1577 Sidonius
1207 1517 1291 1586 anth.

177 1617 214 1675 P.
236 1617 286 1674 IX
308 1623 342 1678 66
363 1635 471 1675 vocem
500 1637 519 1674 a
549 1617 719 1696 Sapphone
748 1619 908 1677 inventam
936 1616 976 1675 ad
1005 1616 1137 1678 eandem
1164 1620 1291 1694 rettulit,

179 1726 209 1778 et
237 1717 318 1798 quod
343 1739 361 1776 a
385 1703 554 1796 Crinagora
582 1719 667 1778 auth.
695 1720 731 1778 P.
754 1719 804 1778 IX
826 1725 935 1792 ssa-1
968 1717 1147 1778 Callimachi
1175 1721 1293 1779 Hecala

177 1818 373 1900 praedicatur
394 1807 533 1894 τορευτὸν
555 1815 640 1894 ἔπος,
661 1821 765 1880 mirum
789 1822 883 1894 foret,
907 1821 940 1878 ni
961 1821 1021 1879 hoc
1042 1819 1102 1878 sibi
1124 1822 1192 1900 ipse
1214 1841 1292 1882 sum-

175 1921 291 2000 psisset
314 1919 504 1998 Cyrenensis
514 1915 554 1998 ¹),
585 1921 784 2002 eiusdemque
814 1923 937 2000 generis
961 1923 1014 1980 alii
1035 1923 1199 1982 invenient
1222 1925 1292 1983 alia.

177 2041 214 2080 ac
234 2029 330 2081 totam
352 2021 430 2080 adeo
454 2021 678 2083 Antimacheae
700 2025 803 2103 poesis
820 2022 1057 2103 descriptionem
1083 2024 1126 2080 ita
1148 2023 1186 2083 ab
1204 2025 1292 2084 Anti-

177 2133 266 2202 patro
288 2124 459 2182 institutam
482 2123 588 2198 credo,
613 2134 647 2184 ut
669 2125 798 2202 singulis
823 2123 1002 2184 Callimachi
1025 2124 1199 2184 criminibus
1222 2145 1292 2184 suas

178 2233 352 2304 opponeret
381 2225 505 2299 laudea,
536 2225 645 2305 quibus
673 2227 857 2286 contrarium
883 2225 1042 2286 iudicaret.
1087 2245 1159 2284 nam
1188 2228 1292 2306 ecquis

178 2334 240 2399 est,
271 2327 323 2406 qui
352 2328 436 2386 casui
463 2326 591 2400 tribuat,
624 2328 706 2408 quod
734 2347 841 2389 versus
864 2339 880 2389 5
903 2328 1078 2388 sententiae
1102 2326 1292 2388 Catullianus

178 2426 304 2506 quidam
325 2447 432 2487 versus
462 2429 625 2505 insigniter
647 2428 817 2507 respondet
838 2429 896 2501 ita,
925 2437 958 2486 ut
985 2429 1086 2507 ipsum
1109 2431 1293 2488 contrarium

178 2526 296 2605 edicat,
319 2528 446 2602 XCVb,
469 2538 486 2588 2

380 2672 411 2722 at
429 2669 550 2739 populus
572 2669 671 2724 tumido
691 2669 812 2740 pandant
832 2667 994 2722 Antimacho
1018 2671 1077 2720 —?

178 2834 269 2914 quid,
286 2835 379 2915 quod
403 2844 434 2895 et
456 2839 556 2894 tumido
578 2833 739 2913 epitheton
764 2821 857 2912 (ταχῦ
878 2824 1014 2909 γράμμα)
1037 2835 1161 2910 egregie
1184 2836 1291 2894 confir-

176 2943 249 3009 mat,
265 2936 342 2995 illud
357 2936 503 2996 iudicium
516 2936 703 2997 Callimacho
720 2943 879 3014 acceptum
894 2934 975 2992 ferre
987 2933 1163 2994 Catullum?
1185 2955 1292 2994 nonne

75 3085 77 3090 .
178 3037 278 3117 quivis
300 3039 334 3096 in
358 3037 468 3097 eodem
488 3038 647 3118 Antipatri
668 3056 760 3096 versu
791 3035 944 3095 desertam
971 3035 1055 3094 illam
1078 3055 1156 3114 aque
1184 3037 1292 3115 populi

177 3140 308 3218 strepitu
329 3148 477 3200 remotam
501 3138 680 3199 Callimachi
702 3139 840 3197 semitam
861 3137 1084 3215 recognoscet?
1113 3157 1203 3218 quam
1226 3159 1293 3196 cum

176 3240 360 3301 Antimacho
393 3241 500 3302 initam
516 3241 574 3321 ¹ille
604 3231 781 3320 praedicet,
816 3237 891 3319 quid
915 3237 1041 3298 dubium
1069 3246 1129 3312 est,
1160 3239 1234 3318 quin
1258 3238 1291 3297 id

177 3344 277 3420 ipsum
306 3343 469 3420 negaverit
498 3341 726 3403 Callimachus?
775 3351 868 3420 atque
898 3340 958 3402 ista
986 3360 1109 3420 quoque
1135 3328 1293 3416 ἀγέλαστος

177 3434 222 3516 ὅτι)
250 3452 314 3502 tam
342 3453 389 3503 est
420 3445 618 3522 singulariter
649 3444 745 3516 dicta,
779 3451 813 3502 ut
846 3441 969 3522 quidam
999 3441 1178 3501 Callimachi
1207 3444 1292 3502 locus

176 3544 321 3604 videatur
334 3546 456 3624 respici.
487 3537 630 3623 apposite
645 3545 870 3624 comparaveris
887 3544 1074 3622 epigramma
1089 3545 1147 3602 etsi
1162 3544 1293 3604 fortasse

177 3647 276 3706 minus
305 3656 388 3707 recte
419 3647 459 3708 ad
489 3646 709 3707 Callimachum
736 3647 881 3718 relatum,
907 3653 951 3703 -at
980 3665 1019 3703 ex
1051 3644 1155 3722 aliquo
1188 3655 1292 3705 tamen

178 3747 258 3806 illius
281 3748 349 3808 loco
374 3742 566 3830 expressum,
590 3748 676 3828 quod
698 3747 782 3826 apud
804 3746 994 3805 Meinekium
1018 3753 1064 3805 est
1085 3745 1227 3806 XXXV:

247 4033 267 4098 1)
285 4035 418 4086 Horatius
443 4036 524 4102 epist.
548 4036 575 4085 II
597 4037 627 4100 2,
647 4037 679 4085 92
702 4033 750 4083 ubi
773 4030 962 4082 Callimachus
978 4033 1095 4088 ividetur
1117 4033 1219 4099 respici
1244 4034 1291 4096 (cf.
1346 4038 1349 4047 ‘

178 4133 203 4169 v.
224 4117 300 4186 100):
325 4123 497 4186 caelatumque
520 4137 606 4172 nouem
629 4119 713 4170 Music
730 4133 803 4183 aput.
839 4122 867 4168 et
884 4119 966 4183 Prop.
985 4119 1028 4168 ΙΙΙ
1046 4122 1079 4170 33
1098 4119 1123 4182 b,
1142 4120 1188 4168 43:
1207 4120 1292 4182 incipe

177 4204 226 4253 iam
243 4212 350 4269 canuto
367 4221 456 4256 acram
473 4207 593 4256 incudere
611 4211 694 4255 torno.
721 4204 762 4254 sic
775 4204 848 4253 enim
861 4205 967 4268 corrigo
986 4202 1116 4254 librorum
1128 4203 1291 4267 scripturam

178 4287 383 4339 intolerabilem
406 4291 549 4352 includere,
573 4304 656 4355 quam
678 4289 861 4354 nequicquam
884 4292 978 4338 tuetur
999 4287 1144 4338 Bentlcius
1167 4286 1201 4335 ad
1224 4286 1290 4334 Hor.

178 4387 203 4423 a.
223 4377 296 4439 post.
315 4375 364 4424 441
386 4373 460 4424 Gelli
476 4373 538 4425 loco
557 4375 594 4424 lx
614 4375 637 4435 8,
657 4375 682 4437 4,
703 4375 781 4424 cuius
799 4374 881 4439 plane
900 4374 1010 4423 diversa
1028 4376 1071 4422 cst
1088 4371 1167 4420 ratio.

1042 4453 1088 4517 2*
