3254 5158
719 455 952 550 --73--¹

264 624 322 688 hoc
344 624 525 705 admittite,
570 650 665 710 quare
687 638 802 702 statuo,
831 627 873 710 τῷ
900 630 1074 709 respexisse
1102 629 1142 689 ad
1171 650 1382 709 praegressum

264 731 376 808 patris,
406 729 460 788 τοῦ
482 722 618 802 τεκόντος
628 727 663 806 ²),
693 731 882 790 mentionem
905 737 936 790 et
964 729 1155 810 pependisse
1178 752 1197 790 a
1219 733 1382 811 participio

264 833 385 911 aliquo,
410 832 493 910 quod
515 832 548 890 in
569 833 728 912 sequentis
744 833 930 910 pentametri
945 833 1032 892 initio
1049 834 1182 911 positum
1196 834 1241 892 ita
1254 853 1382 913 respon-

265 931 346 992 derit
359 933 551 993 Aristaeneti
576 922 640 1012 [τὸν
662 928 786 1012 πατέρα]
810 923 941 1011 φεύγων,
963 941 997 991 ut
1019 933 1151 993 eandem
1174 932 1299 1013 quidem
1320 936 1382 995 vim

263 1032 407 1107 haberet,
436 1034 493 1094 sed
520 1035 609 1094 verbi
632 1043 714 1095 esset
736 1043 767 1093 et
790 1034 926 1094 dativum
954 1035 1089 1112 regentis
1119 1043 1150 1094 et
1176 1035 1299 1094 rarioris
1326 1036 1380 1095 illo

263 1133 549 1214 reconditiorisque.
595 1137 686 1217 quale
709 1137 742 1195 in
765 1137 943 1216 praesentia
965 1155 1041 1195 sane
1064 1155 1126 1195 nou
1149 1138 1305 1196 succurrit.

347 1270 513 1330 Acontium
540 1279 642 1332 autem
663 1273 807 1332 Laertem
834 1270 909 1331 inde
937 1272 1100 1350 appellant
1127 1272 1291 1331 amicorum
1312 1293 1382 1350 pro·

264 1371 412 1444 caciores,
442 1371 706 1432 adulescentulum
728 1374 893 1452 agricolam
916 1372 1028 1432 factum
1051 1393 1120 1432 esse
1141 1374 1209 1432 rati.
1253 1373 1383 1432 eontulit

263 1472 445 1533 Lambecius
473 1473 603 1533 Aeneae
631 1475 789 1554 sophistae
817 1477 917 1534 locum
945 1475 1035 1553 epist.
1058 1484 1075 1536 2
1102 1494 1133 1554 p.
1157 1483 1209 1536 422
1237 1474 1382 1533 editionis

263 1574 462 1652 epistularum
484 1575 742 1636 Graecanicamm
765 1597 844 1657 quae
867 1576 1045 1636 (luiaciania
1072 1576 1223 1658 immerito
1255 1573 1381 1633 dicitur:

263 1661 436 1750 Λαέρτηςδ
464 1672 559 1752 γέρων
586 1665 683 1736 οὐκέτ’
708 1669 819 1751 ἤθελεν
846 1670 922 1735 εἶναι
951 1664 1089 1752 βασιλεδς
1117 1663 1181 1734 οὐδ’
1210 1665 1382 1750 άνθράκων

261 1766 380 1853 άρχειν,
413 1764 486 1835 άλλά
513 1770 665 1852 κηπουρός
693 1798 724 1837 τε
752 1771 829 1837 εἶναι
856 1774 907 1836 καί
934 1777 995 1836 τῶν
1024 1773 1152 1853 δένδρων
1182 1771 1381 1852 ἐπιμέλεσθαι.

261 1866 298 1934 od
322 1873 353 1936 δέ
372 1897 424 1954 μοι
447 1876 544 1948 δοκεῖς
567 1874 744 1954 ἐζηλωκέναι
765 1870 818 1937 cdv
840 1870 1012 1957 άνθρωκον.
1035 1866 1071 1937 οὐ
1091 1867 1148 1957 γάρ
1170 1865 1209 1935 dv
1224 1866 1279 1954 τὴν
1295 1869 1383 1937 πόλιν

262 1973 314 2035 καὶ
336 1968 406 2052 τοδς
426 1980 537 2039 σαυτοῦ
558 1969 715 2039 άκολιντάν
736 1973 846 2059 χρόνον
859 1971 938 2040 οὕτω
959 1970 1075 2057 μακρὸν
1098 1975 1130 2038 ἐν
1151 1969 1235 2063 άμρηῐ
1250 1996 1381 2054 προσκα-

262 2072 394 2156 θήμενος
421 2084 482 2152 τοῖς
510 2085 613 2156 φυτοῖς
644 2079 744 2160 διῆρες
772 2082 879 2141 λαλῶν.
926 2103 1052 2164 quorum
1082 2090 1220 2141 extrema
1247 2084 1379 2142 maxime

264 2180 443 2243 Callimachi
465 2184 602 2263 produnt
623 2185 836 2245 imitationem.
869 2185 926 2244 sed
949 2184 1037 2243 adest
1060 2183 1144 2242 aliud
1164 2184 1380 2256 testimonium,

263 2303 323 2364 quo
346 2293 434 2363 patet
459 2287 604 2345 Laertem
631 2287 664 2344 in
692 2286 856 2366 proverbio
887 2285 991 2345 fuisse.
1026 2285 1107 2345 Plut.
1130 2305 1159 2346 v.
1183 2283 1248 2344 Cic.
1270 2293 1321 2345 40:
1350 2272 1382 2341 τὸ

262 2380 317 2461 μέν
344 2370 400 2444 οὖν
428 2387 566 2444 πλεῖστον
593 2387 647 2445 cod
669 2376 779 2464 χρόνον
804 2381 912 2445 τούτου
934 2382 1001 2464 περὶ
1026 2385 1177 2444 Τοῦσκλον
1206 2380 1238 2442 ἐν
1266 2384 1382 2460 χωρίοις

262 2475 356 2545 αὑτοῦ
389 2478 502 2566 διάγων
536 2483 646 2566 ἔγραφε
679 2477 753 2564 στρδς
782 2478 850 2558 τοδς
878 2487 983 2562 φίλους
1010 2469 1179 2564 Λαέρτου
1204 2483 1288 2563 βίον
1318 2484 1382 2560 ζῆν

264 2609 290 2652 e.
308 2610 338 2669 q.
355 2609 379 2647 s.
410 2590 530 2650 Laertie
554 2599 656 2651 autem
675 2591 823 2650 memoria
845 2600 878 2651 ut
899 2599 962 2650 tam
982 2589 1144 2648 ridiculam
1158 2588 1305 2648 indueret
1326 2609 1382 2648 no-

262 2690 387 2763 tionem,
410 2693 531 2771 qnalem
549 2713 626 2771 prae
648 2713 682 2753 se
704 2693 764 2750 fert
784 2691 868 2770 apud
883 2691 1131 2764 Aristaenetum‚
1156 2688 1189 2747 id
1211 2708 1268 2767 per
1291 2690 1382 2748 aomi-

263 2812 313 2850 cos
336 2801 446 2871 poetas
469 2793 610 2852 effectum
633 2813 701 2853 esse
724 2794 868 2852 Laertem
889 2793 921 2849 in
944 2810 1069 2850 scenam
1091 2787 1313 2869 producentes,
1337 2790 1382 2848 fa·

263 2893 320 2952 eile
343 2893 517 2973 suspiceris.
563 2905 698 2974 ceterum
721 2895 830 2955 doctae
852 2894 930 2952 tales
960 2882 1204 2971 comparationes
1228 2911 1245 2949 e
1268 2890 1380 2950 fabulis

262 2995 380 3073 petitae
408 2993 480 3054 huic
506 2997 614 3076 utique
643 2997 788 3076 propriae
810 2995 928 3072 generi.
973 2993 1059 3053 velut
1082 2991 1248 3052 Clearchus
1275 3002 1381 3051 narra-

261 3103 350 3155 verat
376 3097 410 3154 in
433 3097 573 3157 creticis:
597 3087 758 3174 Ἠριφανὶς
779 3083 973 3172 ἡμελοντοιδς
997 3087 1160 3152 Μενάλκου
1181 3092 1381 3171 κυνηγετοῦν-

262 3215 309 3266 τος
332 3191 492 3274 ἐρασθεῖσα
514 3189 641 3272 ἐθήρευε
662 3193 848 3275 μεταθέουσα
870 3199 934 3266 ταῖς
956 3190 1139 3270 ἐπιθυμίαις.
1176 3194 1309 3268 φοιτῶσα
1324 3183 1381 3271 γάρ

262 3294 313 3355 καί
336 3294 512 3374 πλανωμένη
540 3285 653 3372 πάντας
680 3292 749 3372 τούς
772 3287 885 3376 ὀρείους
907 3290 1021 3376 ἐπεξῄει
1044 3290 1189 3373 δρυμούς,
1218 3284 1258 3364 οἷς
1280 3294 1382 3372 μῦθον

263 3381 340 3459 εἶναι
361 3388 449 3471 τοδς
472 3397 693 3478 λεγομένους
712 3391 814 3471 Ἰοῦς
837 3391 1008 3476 δρόμους.
1045 3399 1089 3457 ita
1104 3397 1286 3458 Athenaeus
1302 3398 1383 3459 XIV

263 3521 294 3580 p.
317 3509 368 3566 619
380 3524 407 3562 ο.
444 3523 502 3562 nec
524 3503 643 3562 alienus
667 3511 714 3562 est
735 3503 926 3563 Aristaeneti
953 3502 1039 3560 locus
1062 3501 1096 3559 II
1119 3509 1152 3562 13
1174 3520 1206 3578 p.
1233 3508 1297 3562 166:
1326 3487 1383 3577 ἐμά

264 3590 291 3657 δ’
309 3589 535 3678 άφυττνισθεῐσα
549 3593 624 3680 κρδς
639 3595 767 3680 ἐμαυτὴν
783 3597 878 3681 ἐβόων
892 3602 994 3660 τοῦτο·
1019 3589 1086 3659 ‘oda
1103 3597 1185 3658 ἔστιν
1200 3598 1381 3676 Φιλωνίδης,

262 3691 336 3761 άλλδι
360 3694 501 3778 Θησεύς.)
531 3700 718 3781 κοιμωμένην
738 3694 910 3763 καταλικάν
932 3694 1027 3785 ᾤχου·
1055 3692 1216 3780 Ἀριάδνην
1237 3721 1273 3777 με
1287 3701 1382 3759 κοῖσαι

267 3881 468 3892 ———

279 4023 281 4027 -
330 3985 351 4052 ¹)
369 3989 512 4040 Areuerim
531 3991 603 4042 enim
621 3991 692 4041 talia
710 3990 847 4056 exempla,
866 3989 947 4054 quale
966 3993 1009 4039 est
1027 3987 1139 4038 Gallim.
1157 3988 1187 4036 in
1205 3989 1260 4039 lov.
1278 3989 1324 4038 80:

415 4099 447 4159 ἐκ
466 4100 499 4158 δέ
517 4100 586 4168 Διὸς
605 4105 748 4173 βασιλῆες,
768 4099 830 4160 ἐπεὶ
848 4101 930 4172 γένος
948 4095 1036 4158 οὐδέν
1054 4097 1187 4158 α’νάκτων

415 4186 579 4257 θειότερον·
598 4191 637 4258 τῷ
655 4191 708 4244 καί
723 4206 775 4257 σφι
792 4184 861 4258 τεὴν
880 4183 997 4257 έκρίναο
1015 4185 1104 4254 λάξιν.

328 4307 351 4374 ²)
368 4311 481 4361 Etenim
502 4315 587 4376 poeta
608 4311 668 4376 ipse
686 4310 732 4362 vel
750 4303 839 4362 τεκών
856 4310 902 4362 vel
920 4306 1019 4368 τοκεύς
1036 4325 1133 4361 vocem
1150 4308 1202 4358 hoe
1220 4308 1282 4356 loeo
1301 4305 1380 4355 adhi-

263 4390 370 4447 buerat.
389 4395 425 4448 cf.
443 4395 496 4460 lrg.
515 4396 573 4445 118.
592 4394 622 4443 in
640 4393 734 4446 Ceret.
752 4395 794 4456 48,
813 4395 867 4460 frg.
886 4397 917 4445 11
938 4398 966 4446 et
983 4395 1043 4444 256.

1374 4555 1388 4588 Ο
