3254 5158
650 444 861 508 ..45-

196 621 265 699 Ip.
283 625 333 681 175
349 637 418 698 sqq.
441 625 581 678 tractata.
605 618 644 678 cf.
666 619 794 677 Lucian.
819 617 890 677 dial.
916 617 1001 678 deor.
1024 625 1056 693 4,
1080 627 1112 692 3,
1135 616 1315 698 Asclepiad.

198 721 283 780 anth.
305 720 341 778 P.
358 721 426 780 XII
440 728 482 793 47,
507 720 656 798 Meleagr.
672 718 748 778 ibid.
764 726 808 781 47.
832 739 891 779 nec
905 719 1005 780 minus
1022 720 1133 800 opinor
1155 719 1316 799 probabile

199 832 259 896 est,
284 822 433 882 cumillis
456 822 559 882 verbis
582 822 640 899 frg.
657 830 709 885 238

669 985 741 1049 δέκα
764 978 793 1048 d'
818 980 940 1070 dorpscg
962 987 1067 1050 αἴνυτο
1090 984 1197 1070 λάτριν
1321 1003 1356 1044 vn
1388 1049 1392 1062 .

197 1165 241 1223 ita
264 1163 336 1222 olim
359 1161 549 1234 cohaesisse,
578 1169 612 1220 ut
635 1180 714 1241 quae
742 1180 835 1239 supra
857 1160 1092 1241 promittebatur
1113 1180 1230 1222 merces
1254 1152 1318 1240 (loi-

197 1262 282 1344 τρον)
310 1264 396 1323 hisce
420 1263 578 1343 duplicata
599 1264 660 1321 iam
682 1270 859 1322 narraretur
888 1283 957 1323 esse
987 1283 1136 1343 expensa.
1179 1264 1239 1324 hoc
1263 1272 1317 1338 est,

199 1368 224 1427 si
248 1366 374 1448 quidem
392 1363 579 1445 Cupidinem
594 1365 747 1444 appellari
768 1373 853 1443 recte
869 1385 971 1426 sumus
987 1367 1149 1446 suspicati,
1175 1373 1319 1445 expecta·

161 1483 162 1486 ’
197 1471 314 1528 tionem
337 1465 461 1546 agendo
483 1466 580 1544 longe
601 1467 656 1527 ille
678 1468 847 1546 superavit.
884 1467 945 1528 iam
966 1467 1055 1542 vide,
1081 1489 1171 1548 quarn
1194 1468 1318 1545 egregie

197 1572 275 1630 haec
297 1571 330 1628 in
352 1588 502 1650 praesens
525 1577 737 1648 argumentum
759 1567 923 1650 quadrent.
969 1589 988 1627 a
1008 1569 1103 1630 filiolo
1120 1559 1241 1629 -blande
1264 1587 1318 1649 pe·

199 1674 249 1732 tiit
268 1679 389 1746 pectora
404 1674 481 1731 duro
500 1688 609 1746 peroso
624 1672 732 1738 Idalia,
754 1679 789 1732 ut
802 1671 968 1731 Acontinm
989 1672 1135 1731 iuvenem
1157 1672 1189 1731 in
1212 1671 1318 1751 paucis

199 1776 388 1834 formonsum
402 1783 496 1854 atque
519 1780 730 1833 contumacem
751 1771 952 1834 ulcisceretur
972 1774 1081 1854 suique
1104 1773 1193 1851 regni
1215 1780 1319 1852 potes-

198 1886 293 1937 tatem
315 1877 386 1936 hnic
410 1876 590 1956 despectam
611 1876 778 1954 insigniter
799 1875 954 1955 probaret.
987 1875 1069 1935 dicto
1091 1874 1145 1938 ille
1168 1873 1319 1933 obediens

198 1989 261 2039 tarn
288 1977 409 2037 fortiter
438 1986 469 2037 et
497 1979 663 2055 ingeniose
691 1997 756 2036 rem
784 1977 895 2055 gessit,
925 1985 959 2036 ut
987 1996 1043 2056 pro
1073 1977 1211 2057 quinque
1242 1996 1319 2056 quos

202 2090 299 2141 mater
327 2079 466 2161 pollicita
489 2087 573 2138 esset
596 2059 703 2139 decem
733 2078 813 2138 talos
842 2085 986 2158 acceptos
1009 2079 1114 2138 ferret.
1161 2098 1201 2138 en
1223 2077 1319 2137 habes

202 2184 374 2242 machinam
389 2181 536 2241 erotioam
558 2179 779 2260 posterioribus
802 2200 927 2261 prorsus
951 2187 1139 2240 consuetam.
1169 2200 1205 2239 ac
1228 2181 1320 2240 facile

201 2284 405 2346 Callimachus
429 2302 497 2342 eam
518 2302 583 2343 rem
604 2283 728 2343 uberius
752 2284 926 2362 expingens
951 2282 1320 2342 domesticae‘scae-

200 2406 272 2446 nae
296 2387 448 2466 expressit
469 2386 653 2463 imaginem,
677 2386 800 2464 qualem
815 2385 848 2442 in
866 2383 976 2445 eodem
997 2393 1178 2462 argumento
1193 2403 1320 2444 versan-

200 2497 246 2548 tes
262 2485 416 2568 praebent
430 2486 618 2567 Apollonius
634 2488 686 2547 III
704 2494 751 2548 lll
769 2506 838 2567 sqq.
862 2495 892 2546 et
912 2487 1043 2546 Nonnus
1059 2487 1154 2546 Dion.
1170 2485 1322 2545 XXXIII

201 2601 233 2652 55
256 2610 325 2670 sqq.
358 2597 440 2649 certe
474 2588 543 2648 illas
575 2609 641 2649 curn
670 2586 879 2649 Alexandrini
910 2596 974 2648 tum
1007 2607 1081 2647 vero
1116 2587 1320 2648 Callimachus

200 2692 403 2751 vehementer
426 2689 618 2750 adamarunt.
651 2700 682 2750 et
703 2692 729 2750 is
750 2689 875 2770 quidem
895 2690 956 2750 huc
977 2689 1109 2749 maxime
1131 2689 1271 2761 inclinat,
1288 2698 1321 2748 nt

203 2815 239 2854 ea
262 2812 341 2873 qnae
364 2793 431 2852 fere
454 2792 539 2873 apud
560 2791 705 2851 mortales
733 2791 815 2850 inter
837 2791 973 2870 parietes
996 2799 1128 2869 agantur
1150 2789 1190 2848 ad
1215 2788 1320 2870 Olym·

201 2917 273 2976 pum
294 2895 471 2955 transferat.
501 2893 599 2953 veluti
621 2892 836 2953 celeberrimus
854 2901 900 2953 est
922 2893 1006 2951 locus
1030 2891 1070 2951 de
1085 2891 1237 2953 Mercurio
1254 2899 1320 2950 atro

203 2999 306 3056 cinere
328 2998 441 3072 tincto,
472 2997 524 3077 qui
548 2995 674 3056 deorum
696 2994 826 3069 liberos,
858 2993 982 3075 qnando
1005 2995 1085 3054 male
1108 3013 1142 3053 se
1165 3001 1319 3071 gererent,

203 3099 352 3178 Μορμοῦς
381 3100 479 3158 instar
506 3097 779 3179 perterrefaceret,
808 3098 842 3156 in
870 3097 964 3156 Dian.
993 3105 1028 3160 66
1049 3116 1118 3176 sqq.
1147 3094 1260 3154 similia
1288 3095 1320 3153 in

201 3203 296 3261 Dian.
318 3208 337 3263 4
358 3221 445 3281 sqq,
468 3207 502 3263 'lt
525 3220 610 3282 sqq„
635 3208 686 3263 142
708 3219 793 3279 sqq,
814 3206 978 3278 praeterea
1000 3200 1039 3258 cf.
1062 3199 1096 3256 in
1116 3196 1186 3258 Cer.
1201 3203 1236 3259 73
1251 3216 1320 3277 sqq.

203 3305 292 3383 plura
313 3323 388 3364 vero
412 3301 450 3362 ab
466 3301 635 3382 Apollonio
651 3301 671 3361 l.
688 3321 713 3361 c.
736 3310 770 3361 ut
792 3320 887 3381 saepe
910 3301 986 3362 alias
1006 3321 1023 3359 e
1040 3299 1227 3359 Callimacho
1252 3318 1321 3360 esse

204 3413 331 3486 sumpta,
355 3405 389 3464 in
411 3405 459 3465 his
481 3405 581 3484 ipsum
604 3404 708 3464 forsan
731 3402 862 3464 talorum
882 3402 1001 3476 ludum,
1027 3403 1084 3462 etsi
1100 3408 1209 3481 parata
1223 3401 1321 3481 suspi·
1405 3441 1415 3462 .

204 3508 248 3567 tio
272 3515 333 3578 est,
356 3514 460 3566 tamen
484 3525 600 3585 anceps
624 3504 789 3566 admodum
811 3504 905 3564 fuerit
927 3505 1112 3563 coniectura.

289 3609 401 3688 Itaque
416 3607 512 3668 Amor
535 3628 627 3688 quam
649 3615 772 3687 poterat
795 3607 943 3666 acerrime
959 3626 1031 3666 areu
1046 3612 1192 3666 contento
1209 3606 1322 3665 vulnus

205 3708 437 3770 adulescentulo
465 3709 579 3770 inflixit
605 3729 669 3769 non
696 3707 860 3768 iucundum
895 3707 1025 3787 amplius
1053 3707 1131 3766 illud
1159 3707 1210 3765 vel
1239 3705 1322 3787 qnod

206 3810 313 3871 dicunt
334 3805 558 3891 γλυκύπικρον,
581 3811 672 3870 immo
696 3831 771 3871 vero
794 3804 1063 3885 acerbissimum.¹)
1109 3807 1229 3867 scilicet
1249 3799 1322 3865 ὅσον

274 4045 295 4113 ¹)
313 4046 432 4098 Mirifico
449 4046 530 4098 modo
547 4047 619 4098 haec
637 4062 691 4097 non
709 4044 849 4096 intellexit
861 4043 982 4096 Cobetus
1000 4044 1029 4094 in
1046 4057 1097 4094 sua
1109 4042 1322 4095 Aristaeneteae

206 4132 385 4198 paraphrasis
402 4131 567 4198 paraphrasi
586 4147 648 4182 eum
666 4131 702 4181 ad
719 4129 801 4181 finem
819 4130 981 4196 composita,
999 4133 1031 4178 nt
1046 4127 1100 4180 hoo
1117 4129 1247 4194 probaret
1259 4142 1322 4190 spe-

206 4218 305 4270 cimine
331 4225 480 4283 argumenta
506 4225 533 4268 et
553 4217 683 4268 scribendi
705 4231 786 4281 praua
799 4217 902 4280 puerile
927 4217 955 4266 in
971 4214 1092 4280 Aegypto
1116 4220 1177 4263 nata
1199 4227 1254 4262 aare
1272 4209 1321 4274 (cf.

206 4317 337 4355 mnemos.
354 4302 395 4352 IX
412 4318 439 4368 p.
459 4301 528 4366 150).
563 4315 627 4352 narn
645 4301 694 4365 ‚ita
721 4301 850 4366 exprimit
874 4297 930 4350 ista
952 4299 982 4362 (l.
1002 4315 1026 4349 c.
1049 4314 1076 4365 p.
1096 4295 1168 4360 152):
1198 4296 1225 4344 in
1248 4297 1322 4344 talam

205 4389 282 4452 Igitur
297 4403 404 4452 puerum
417 4386 498 4437 Amor
515 4402 601 4436 orcam
618 4387 734 4436 intendit.
758 4387 807 4436 aad
823 4375 858 4435 od
875 4381 995 4448 μετρίως
1014 4420 1061 4436 ...
1080 4373 1114 4431 τὰ
1133 4371 1210 4442 τόξα,
1228 4396 1321 4430 summa
