3284 5158
365 1150 738 1234 Asisslsnnsl
767 1151 1036 1234 EPISTVLA
1065 1153 1086 1234 1
1115 1159 1179 1275 ιο.Ἰ

667 1381 870 1390 ——-—-—

520 1543 748 1644 Ἐρατόκλεια
775 1547 1002 1626 Διονυσιάδι.

292 1725 444 1806 Ἀκόντιος
464 1729 520 1813 τὴν
539 1736 700 1816 Κυδίππην
718 1728 809 1810 καλός
825 1718 942 1810 νεανιάςΙ
958 1713 1053 1816 καλὴν
1072 1736 1161 1818 ἕχημε
1179 1732 1281 1817 κόρην.
1311 1728 1328 1796 δ

210 1826 269 1911 γάρ
284 1825 410 1906 παλαιός
430 1829 518 1914 λόγος
536 1823 570 1897 εὖ
586 1837 657 1916 ἔχει,
680 1831 720 1910 ὡς
735 1831 839 1916 ὅμοιον
858 1829 950 1923 ὁμοίη)
970 1833 1046 1899 κατὰ
1065 1844 1151 1898 θεῖον
1171 1831 1217 1897 δελ
1236 1854 1325 1918 προσ-

209 1931 332 2008 πελάζει.
350 1933 405 2014 τὴν
418 1934 472 2014 μὲν
485 1931 579 1999 ἅπασι
595 1943 655 2011 τοῖς
669 1937 774 2018 ἑαυτῆς
788 1941 952 2017 φιλοτίμοις
966 1934 1147 2018 κεκόσμηκεν
1157 1931 1326 2018 Ἀφροδίτη,

175 2027 181 2040 ’
209 2033 303 2112 μόνον
324 2040 376 2097 τοῦ
398 2042 501 2099 κεστοῦ
521 2038 696 2119 φεισαμὲνη·
719 2039 770 2100 κοιλ
791 2041 896 2101 τοῦτον
915 2035 989 2121 πρὸς
1007 2039 1063 2120 την
1082 2039 1236 2121 παρθένον
1252 2032 1328 2117 εἶχεν

210 2133 356 2215 ἐξαίρετον
374 2131 394 2218 ἡ
415 2133 494 2212 θεός.
526 2139 577 2200 καὶ
598 2145 658 2214 τοῖς
679 2135 789 2220 όμμασι
804 2137 929 2220 Χάριτες
943 2131 979 2203 οὗ
994 2147 1070 2222 τρεῖς
1090 2133 1164 2203 καθ’
1178 2132 1326 2218 Ἡσίοδον,
1355 2157 1372 2208 5

212 2229 288 2298 ἄλλά
308 2234 444 2300 δεκάδων
467 2237 649 2322 περιεχόρευε
672 2238 768 2316 δεκάς.
798 2237 852 2304 τὸν
869 2240 901 2303 δὲ
920 2242 989 2304 νίον
1008 2238 1154 2322 ἐκόσμουν
1173 2235 1330 2321 όφθαλμολ

93 2378 95 2385 ι
154 2385 157 2391 .
213 2337 335 2419 φαιδρολ
349 2337 403 2418 μὲν
418 2335 571 2421 ὦςκόρου,
587 2343 708 2424 φοβεροὶ
725 2342 757 2404 δὲ
772 2338 811 2416 ὡς
826 2338 990 2424 σώφρονος,
1006 2344 1056 2405 καλ
1072 2341 1188 2422 φύσεως
1202 2343 1328 2425 ἔρευθος
1368 2409 1374 2415 ,

211 2435 337 2516 εὐανθὲς
358 2441 509 2522 ἒπιτρέχον
529 2449 593 2518 ταῖς
616 2451 760 2525 παρειαῖς.
789 2445 822 2505 οἵ
836 2443 868 2506 δὲ
887 2437 1106 2523 φιλοθεάμονες
1127 2447 1178 2503 τοῦ
1199 2441 1327 2516 κάλλους

209 2542 249 2615 εἰς
265 2538 447 2606 διδασκάλου
467 2539 609 2624 προϊόντα
630 2540 845 2626 περιεσκόπουν
867 2550 1073 2618 συνωθοῦντες
1096 2537 1254 2624 ἀλλήλους·
1276 2545 1326 2606 καλ

208 2630 248 2724 ἦν
269 2635 343 2724 όράν
369 2637 444 2726 πρός
472 2642 585 2708 τούτων
606 2644 781 2726 πληθούσας
800 2645 854 2725 μὲν
874 2639 985 2735 άχορδις
1007 2629 1277 2727 στενοχωρουμένας
1296 2644 1328 2706 δὲ
1344 2663 1376 2713 10

209 2737 330 2826 λαύρας.
361 2745 412 2807 καλ
425 2749 532 2808 πολλοί
545 2770 579 2829 γε
597 2747 647 2809 διδι
663 2747 768 2831 [τοῦτο]
787 2743 819 2810 τὸ
832 2749 900 2809 λίαν
919 2741 1061 2829 ἐρωτικόν
1081 2751 1142 2820 τοῖς
1160 2747 1251 2826 ἴχνεσι
1273 2751 1326 2808 τοῦ

210 2901 413 2908 —....-...---—-

276 2984 465 3041 Adnotatio
494 2985 633 3036 critica.
673 2987 706 3036 In
735 2986 831 3038 codiee
860 2987 924 3037 huic
949 2984 1086 3051 epistulae
1110 2983 1325 3050 superscriptum
1354 3025 1356 3030 .

209 3073 264 3118 est:
293 3059 342 3128 Ὡς
360 3059 392 3118 ἒν
410 3060 541 3136 ἐπιστολῇ
565 3061 596 3120 τὸ
615 3062 688 3120 κατά
705 3061 847 3121 Ἀκόντιον
864 3067 914 3121 καλ
932 3067 1090 3134 Κυδίππην
1108 3060 1244 3133 ἐρωτικὸν
1261 3060 1324 3133 διή-

208 3167 296 3218 χημα.
310 3165 344 3188 -·
361 3155 415 3204 v.2
432 3146 505 3204 κατά
525 3153 603 3220 θεῖον
622 3155 717 3218 codex,
737 3148 810 3205 κατά
829 3155 916 3208 θεῖον
934 3155 1020 3205 editio
1041 3155 1171 3219 princeps
1184 3152 1324 3203 Sambuci.

208 3236 320 3287 inutilis
338 3236 444 3288 Tollius
468 3243 496 3288 ei
519 3253 668 3305 anonymus
690 3240 719 3289 in
741 3243 852 3291 virorum
875 3242 972 3305 aliquot
989 3240 1145 3288 eruditorum
1162 3239 1188 3286 in
1206 3236 1325 3286 Aristae-

209 3324 262 3371 neii
284 3324 406 3386 epistolas
428 3325 590 3374 coniecturae
612 3326 807 3376 conmmnicatae
830 3341 885 3374 eum
907 3325 1006 3374 editore
1029 3323 1174 3378 novissimo,
1202 3323 1325 3386 qui-suas

209 3413 283 3457 κοίοε
304 3408 408 3458 adiecit.
444 3410 569 3459 accedunt
591 3409 692 3459 Claudii
714 3408 835 3459 Salmasii
855 3416 881 3459 ei
906 3409 951 3459 Τίι.
970 3406 1092 3458 Μακίιενὶ
1113 3406 1197 3456 Notae
1219 3407 1246 3454 in
1263 3404 1325 3454 Asi--

207 3498 356 3544 sinensium.
391 3492 589 3544 Ανιετεὶαεδανα·
606 3496 687 3552 1752,
709 3510 737 3558 p.
755 3495 779 3545 7.
796 3519 832 3530 -
848 3509 874 3545 v.
893 3495 918 3544 3.
937 3497 984 3542 aut
1001 3489 1050 3543 καλ
1070 3482 1124 3556 τὴν
1140 3485 1195 3555 μὲν
1212 3481 1325 3554 anissis

208 3567 262 3640 μὲν
280 3560 333 3625 οὖν
351 3575 517 3628 Herchesus.
546 3577 872 3643 φιλοτίμωςαοοοχιτιοε
896 3581 925 3628 ei
941 3577 1038 3628 Douss
1060 3574 1176 3626 miscell.
1199 3573 1272 3624 obss.
1296 3574 1325 3623 in

210 3663 285 3710 suci.
305 3661 319 3710 I
336 3677 363 3726 p.
382 3663 440 3715 392.
476 3661 526 3713 sed
549 3662 586 3712 cf.
613 3651 817 3727 Theephyleeii
846 3661 1015 3712 simocattae
1041 3661 1121 3725 episi.
1144 3658 1267 3710 LXXIV.
1292 3683 1323 3694 -

208 3747 270 3794 v.4
297 3750 346 3795 eut
372 3741 422 3795 καλ
449 3739 504 3811 χιλρ
530 3745 633 3797 τοῦτον
651 3751 700 3797 sut
716 3744 818 3797 τοῦτον
836 3737 890 3810 χάρ
913 3745 1080 3794 Hercherus.
1111 3769 1144 3778 -
1172 3759 1198 3794 v.
1217 3744 1233 3794 5
1250 3733 1325 3794 καθ’

204 3821 342 3882 Ἡσίοδον
360 3829 435 3880 delet
447 3831 626 3882 Heinriehius
645 3830 681 3881 sd
697 3832 769 3882 Mus.
786 3847 813 3895 p.
831 3831 874 3879 66.
897 3855 930 3864 -
952 3843 978 3878 v.
997 3829 1014 3877 6
1031 3821 1210 3893 περιχορεδει
1229 3827 1325 3890 codex,

210 3906 394 3980 περιεχόρευε
411 3916 550 3966 Pauwius.
571 3941 607 3952 -
628 3931 654 3968 v.
674 3918 689 3966 'i
713 3909 834 3979 φαιδρολ
852 3905 905 3978 μὲν
922 3903 960 3970 ὥς
977 3910 1070 3975 καλοί,
1090 3909 1208 3978 φοβερολ
1232 3904 1265 3962 δὲ
1287 3901 1326 3969 ὥς

208 3991 353 4063 σώφρονες
376 3999 476 4062 codex,
499 3995 621 4065 ipsiipsi
643 3993 697 4066 μὲν
718 3989 756 4059 ὥς
779 3995 883 4060 καλοῦ,
907 3993 1027 4063 φοβεροὶ
1053 3989 1087 4047 δὲ
1113 3988 1151 4055 eie
1177 3987 1325 4061 σώφρονος

209 4097 360 4148 anonymus
379 4088 407 4134 et
418 4084 515 4134 Dousa
532 4084 551 4136 l.
565 4101 589 4137 ο.
601 4101 628 4151 p.
640 4086 699 4136 392.
719 4084 817 4150 scripsi
836 4078 957 4148 φαιδρολ
975 4074 1028 4148 μὲν
1045 4072 1083 4140 ὥς
1100 4073 1187 4145 κόρον
1204 4076 1323 4146 φοβερολ

208 4163 241 4220 δὲ
259 4158 297 4226 ὥς
314 4162 471 4234 σοι’φρονος.
496 4186 522 4219 v.
542 4184 613 4233 quse
632 4169 770 4234 disputavi
787 4184 813 4232 p.
827 4155 869 4219 32.
895 4193 927 4203 -
950 4169 1010 4219 v.8
1036 4157 1168 4231 ἐπέτρεχε
1184 4164 1322 4215 Psuwius.

206 4277 240 4288 --
269 4269 295 4303 v.
316 4255 346 4303 11
370 4249 420 4303 καλ
442 4245 515 4303 πολό
539 4267 571 4318 χε
594 4253 694 4318 codex,
717 4268 800 4318 supra
823 4252 928 4316 scripio
953 4251 987 4300 ab
1007 4250 1096 4300 alters
1114 4263 1196 4300 manu
1214 4245 1317 4299 πολλοί

206 4336 279 4386 idem
298 4339 420 4387 coniecit
431 4338 581 4387 Messenis.
600 4322 683 4388 τοῧτο
702 4335 917 4386 deleilieisliius
936 4336 1054 4385 virorum
1068 4333 1173 4398 aliquot
1192 4337 1244 4382 etc.
1258 4349 1285 4396 p.
1298 4333 1323 4382 9.
