3254 5158
776 418 966 480 ..4-

314 599 430 663 ruerat,
455 589 653 668 plurimorum
668 590 883 649 aestimatione
898 587 921 669 1)
945 592 1042 670 primo
1063 593 1145 651 inter
1161 593 1314 670 elegiacos
1332 593 1428 654 Grae-

315 711 366 750 cos
395 692 463 750 loco
490 690 713 763 honorabatur,
740 698 819 751 teste
849 691 1044 769 Quintiliano
1067 693 1100 752 X
1122 704 1146 766 1,
1175 701 1217 756 58.
1247 713 1305 751 nee
1327 693 1428 752 Procli

245 775 247 782 ¹
313 786 558 868 testimonium²l
592 792 624 850 in
646 792 737 850 Phot.
760 791 834 852 bibl.
857 813 888 872 p.
919 795 1000 857 arab
1023 794 1103 853 Bkk.
1133 795 1176 853 ita
1206 794 1425 873 accipiendum,

314 895 402 972 quasi
423 894 558 952 infimum
579 893 678 952 locum
700 895 781 952 inter
803 894 955 971 elegiacos
984 896 1141 975 principes
1164 895 1350 956 Callimacho
1373 897 1425 954 tri·
1491 897 1500 914 '

313 995 424 1054 buerit.
470 994 584 1052 etenim
606 1013 672 1052 cum
700 994 796 1054 verba
822 995 901 1054 haec
929 997 992 1054 siut
1019 992 1095 1075 λέγει
1122 992 1154 1056 δὲ
1181 992 1232 1055 καὶ
1258 985 1426 1076 ἀριστεῦσαι

312 1095 354 1177 τῷ
376 1091 471 1175 μέτρῳ
486 1087 635 1152 Καλλῖνον
657 1113 687 1152 τε
709 1084 761 1153 τὸν
778 1083 917 1170 Ἐφέσιον
938 1092 988 1154 καὶ
1013 1096 1193 1174 Μίμνερμον
1215 1093 1266 1158 τὸν
1288 1090 1426 1172 Κολοφώ-

311 1215 388 1270 νιον,
411 1183 485 1252 dati
506 1190 557 1252 acti
575 1195 709 1270 Φιλητᾶν
726 1195 815 1254 Κῶον
836 1191 887 1253 acl
901 1195 1091 1273 Καλλίμαχον
1112 1188 1164 1255 τὸν
1179 1192 1303 1258 Βάττον.
1328 1201 1426 1277 Κυρη-

311 1301 395 1368 ναῖος
412 1294 439 1380 (ξ’
456 1279 541 1367 οὗτος
555 1276 606 1372 ἦν,
622 1297 712 1356 facile
729 1298 817 1357 nobis
837 1297 1003 1376 persuadet
1017 1299 1191 1359 Franckius
1208 1299 1320 1360 Callin.
1336 1323 1367 1380 p.
1384 1310 1426 1374 27,

312 1397 452 1460 Proclum
473 1399 598 1458 nomina
619 1398 761 1457 Philotae
784 1407 886 1459 aetate
908 1401 1074 1479 superioris
1099 1409 1129 1459 et
1145 1399 1324 1460 Callimachi
1347 1402 1427 1460 infe-

311 1502 398 1561 rioris
421 1496 632 1580 supplementi
649 1502 746 1560 instar
769 1502 813 1560 eis
836 1501 1046 1576 subiunxisse‚
1072 1523 1152 1582 quae
1174 1500 1257 1582 apud
1273 1510 1427 1561 auctorem

311 1624 399 1663 suum
421 1603 557 1681 seposita
578 1602 746 1661 invenerit.
768 1602 914 1663 modone
935 1604 960 1662 is
982 1604 1139 1663 infelicem
1161 1604 1244 1662 illum
1259 1603 1427 1662 Ruhnkeni

311 1724 460 1763 canonem
476 1703 722 1762 Alexandrinum
737 1705 957 1764 immiscuisset.
965 1700 990 1782 3)
1020 1705 1174 1764 Philetam
1192 1714 1341 1763 autemst
1358 1703 1427 1763 Calu

310 1805 472 1864 limachum
493 1812 526 1861 ut
554 1802 777 1881 antiquioribus
800 1805 926 1864 Procius
955 1805 1091 1864 adiceret
1111 1804 1285 1864 Franckius
1314 1805 1426 1862 factum

310 1906 376 1964 vult
397 1904 533 1980 Longini
555 1895 722 1980 φιλολόγων
749 1906 939 1963 auctoritate.
984 1905 1023 1963 ad
1045 1905 1174 1983 Didymi
1196 1897 1263 1980 περὶ
1291 1902 1426 1978 ποιητῶν

377 2171 396 2234 ¹)
417 2171 595 2236 Postponitur
612 2186 679 2220 sane
697 2171 858 2220 Mimnermo
877 2171 912 2220 ab
930 2171 1047 2221 Horatio
1067 2187 1110 2235 ep.
1128 2169 1194 2233 112,
1209 2174 1267 2234 190,
1286 2187 1367 2236 quem
1385 2172 1424 2222 lo-

310 2274 369 2307 cum
389 2256 459 2306 male
478 2257 675 2320 interpretetus
694 2260 735 2305 est
753 2254 938 2305 Grotefendus
956 2255 1052 2320 philol.
1072 2258 1085 2305 l
1102 2273 1129 2321 p.
1148 2257 1206 2307 509,
1227 2257 1265 2306 cf.
1278 2257 1359 2322 Prop.
1373 2259 1385 2306 Ι
1399 2261 1423 2316 9,

311 2344 350 2390 11.
388 2347 417 2390 at
434 2341 536 2404 primus
554 2353 646 2388 rursus
665 2337 852 2388 Callimachus
871 2339 950 2390 Ovid.
970 2356 1012 2388 am
1032 2341 1103 2403 115,
1125 2344 1164 2390 13.
1189 2342 1261 2404 114,
1281 2345 1321 2390 19.
1341 2343 1377 2392 cf.
1398 2358 1424 2393 a.

311 2443 362 2475 am.
383 2427 394 2474 l
413 2427 471 2486 329,
491 2413 557 2474 rein.
577 2425 636 2488 759,
656 2424 852 2487 trist.11367,
871 2421 943 2474 Stat.
961 2425 1025 2474 silv.
1043 2424 1057 2473 1
1075 2426 1100 2483 2,
1119 2426 1178 2474 253.

375 2541 396 2606 ²)
414 2542 456 2592 Ab
474 2542 527 2592 hoc
545 2542 665 2608 pendere
682 2540 793 2592 videtur
815 2543 1011 2606 grammaticus
1029 2541 1096 2593 bibl.
1116 2541 1229 2596 Coisliu.
1248 2560 1275 2609 p.
1295 2546 1353 2594 597.
1387 2545 1423 2599 cf,

261 2701 264 2708 Ι
309 2626 397 2712 schol.
415 2627 534 2676 Taetzae
552 2627 580 2675 in
599 2626 666 2690 Lyc.
685 2627 699 2676 I
716 2642 742 2692 p.
761 2627 810 2676 257
830 2625 872 2676 ed.
890 2626 1000 2678 Miiller.

376 2745 397 2811 ³)
417 2744 519 2808 Quidni
530 2745 645 2796 Proclus
658 2743 795 2795 Gallinam
814 2749 842 2794 et
855 2743 1044 2797 Mimnermum
1062 2743 1236 2812 distinguens
1253 2746 1424 2798 Aristote-

308 2832 370 2881 lem
389 2831 467 2896 sequi
479 2830 586 2896 potuit?
605 2830 641 2880 cf.
654 2830 719 2881 Did.
729 2828 930 2881 Volkmannum
943 2831 976 2881 de
991 2831 1093 2882 Suidae
1106 2832 1195 2898 biogr.
1209 2848 1236 2898 p.
1248 2833 1289 2882 18.
1314 2833 1423 2883 omnino

309 2917 410 2967 nubem
431 2932 481 2981 pro
498 2917 603 2966 Iunone
623 2914 743 2981 amplexi
762 2920 837 2978 sunt,
863 2916 892 2965 in
909 2916 952 2966 his
970 2918 1125 2982 nuperrime
1144 2918 1216 2967 idem
1235 2917 1424 2968 Volkmannus

309 3002 413 3051 amicus
431 2999 449 3050 l.
469 3017 492 3054 c.
510 3017 537 3065 p.
555 3001 588 3049 24
600 3015 649 3064 sq,
670 3001 832 3064 quicumque
852 3001 925 3063 apud
938 3000 1140 3062 Quintilianum
1158 3000 1202 3052 vel
1221 3004 1344 3052 umbram
1363 3018 1423 3051 ca-

308 3086 407 3135 nonis
426 3084 602 3133 cuiusdam
620 3082 848 3137 Alexandrini
868 3088 997 3147 captasse
1016 3085 1071 3134 sibi
1091 3085 1232 3135 visisunt.
1264 3099 1331 3147 quos
1350 3084 1423 3131 enim

308 3167 356 3218 ille
375 3171 454 3217 notat
471 3167 621 3217 electorum
645 3169 788 3230 poetarum
806 3164 929 3227 ordines,
955 3167 980 3214 ei
998 3167 1101 3218 diversi
1120 3182 1136 3214 a
1154 3165 1271 3216 diversis
1289 3181 1424 3230 gramma-

307 3253 373 3302 ticis
392 3257 419 3301 et
436 3249 644 3316 ludimagistris,
664 3249 729 3314 quin
747 3249 782 3298 ab
800 3264 855 3297 uno
868 3249 970 3298 diversi
983 3249 1221 3314 excogitabantur.
1252 3249 1294 3298 ita
1307 3248 1422 3311 Quintil.

307 3337 333 3385 X
351 3339 376 3399 1,
395 3336 428 3385 53
446 3338 474 3383 st
491 3335 524 3384 59
542 3333 735 3397 Aristophanis
754 3337 782 3384 et
798 3333 953 3383 Aristarchi
971 3337 1156 3383 memorantur
1173 3332 1299 3398 ordines,
1324 3333 1422 3398 quibus

307 3420 359 3486 illi,
370 3420 398 3469 in
410 3418 546 3485 peculiari
557 3422 622 3485 puto
634 3422 749 3484 uterque
769 3417 807 3468 de
825 3418 941 3482 poetis
958 3418 1039 3482 libro,
1052 3417 1299 3482 praestantissimis
1313 3417 1422 3482 quibus-

308 3522 359 3572 que
372 3504 462 3570 poetis
479 3520 540 3570 per
559 3518 617 3554 sua
636 3519 762 3570 genera
781 3502 944 3565 distributis,
959 3501 1022 3566 quid
1035 3501 1068 3550 de
1080 3515 1243 3565 unoquoque
1255 3502 1421 3568 iudicarent,

308 3591 476 3657 aperuerint.
506 3589 649 3638 contrairi
668 3587 985 3653 epigrammateincerti
1005 3586 1127 3636 auctoris
1152 3586 1227 3636 anth.
1252 3585 1282 3638 P.
1304 3587 1421 3653 append.

221 3683 224 3696 ¹
307 3677 357 3725 286
369 3673 441 3724 idem
453 3673 653 3739 Aristophanes
671 3665 759 3737 σοφὸς
777 3669 888 3735 κρίνειν
899 3670 1020 3721 Homero
1032 3671 1156 3736 primum,
1176 3671 1360 3722 Menandro
1379 3688 1421 3722 se-

307 3760 425 3810 cundum
446 3758 537 3810 locum
561 3758 690 3808 tribuisse
708 3756 877 3822 perhibetur.
914 3755 1084 3805 excellentes
1102 3755 1188 3806 variis
1207 3756 1271 3806 item
1290 3757 1319 3806 in
1337 3773 1421 3823 gene·

307 3844 381 3895 ribus
400 3847 547 3911 percenset
563 3843 679 3892 Taetzes
702 3841 735 3890 de
753 3840 889 3906 Lycophr.
909 3840 923 3889 I
940 3856 966 3904 p.
981 3841 1030 3890 263
1048 3839 1126 3890 Miill.
1147 3839 1262 3891 Ovidius
1280 3858 1333 3893 am.
1352 3843 1419 3905 115,

307 3932 322 3979 9
341 3944 398 3994 sqq.
417 3929 527 3979 nomina
545 3927 684 3992 componit
703 3941 736 3974 ex
749 3924 865 3974 Graecis
882 3925 995 3974 Homeri
1006 3925 1124 3974 Hesiodi
1139 3925 1303 3977 Callimachi
1316 3927 1420 3992 Sopho·

307 4013 357 4064 clis
375 4014 456 4064 Arati
473 4010 626 4061 Menandri.
662 4026 714 4059 nec
737 4009 825 4059 minus
842 4010 960 4060 Romani
983 4011 1159 4074 grammatici
1177 4010 1299 4062 diversos
1318 4011 1421 4060 diversi

307 4098 504 4163 excogitabant
521 4094 684 4146 nobiliorum
704 4111 737 4145 ex
755 4094 811 4144 suis
827 4099 971 4159 poetarum
989 4095 1107 4158 ordines,
1128 4096 1199 4160 quod
1210 4090 1322 4146 'constat
1333 4095 1419 4145 versi-

306 4185 357 4234 bus
375 4181 514 4233 eVolceti
533 4179 652 4246 Sedigiti
669 4179 702 4229 de
721 4179 811 4245 poetis
828 4178 899 4230 libro
918 4180 1077 4244 desumptis,
1099 4196 1164 4245 quos
1177 4180 1300 4230 servavit
1313 4178 1419 4229 Gellius

306 4268 356 4318 XV
374 4270 414 4319 23,
451 4265 591 4330 discrepat
608 4264 739 4315 Afranius
762 4265 835 4331 apud
857 4264 967 4316 Sueten.
985 4265 1019 4315 de
1038 4265 1104 4315 viris
1123 4265 1162 4316 ill.
1183 4281 1209 4329 p.
1226 4267 1259 4314 33
1277 4279 1316 4327 sq.
1340 4263 1418 4313 Reif-

307 4352 406 4402 ferscb.
425 4350 461 4401 cf.
480 4350 547 4399 ibid.
566 4366 591 4415 p.
611 4353 652 4402 29,
