<?xml version="1.0" encoding="UTF-8"?>
<!DOCTYPE html PUBLIC "-//W3C//DTD XHTML 1.0 Transitional//EN"
    "http://www.w3.org/TR/xhtml1/DTD/xhtml1-transitional.dtd">
<html xmlns="http://www.w3.org/1999/xhtml" xml:lang="en" lang="en">
 <head>
  <title>
</title>
<meta http-equiv="Content-Type" content="text/html;charset=utf-8" />
  <meta name='ocr-system' content='tesseract 3.04.00' />
  <meta name='ocr-capabilities' content='ocr_page ocr_carea ocr_par ocr_line ocrx_word'/>
</head>
<body>
  <div class='ocr_page' id='page_1' title='image "./decallimachicyd00diltgoog_0156.png"; bbox 0 0 3284 5158; ppageno 0'>
   <div class='ocr_carea' id='block_1_1' title="bbox 649 419 881 482">
    <p class='ocr_par' dir='ltr' id='par_1_1' title="bbox 649 419 881 482">
     <span class='ocr_line' id='line_1_1' title="bbox 649 419 881 482; baseline 0 0"><span class='ocrx_word' id='word_1_1' title='bbox 649 419 881 482; x_wconf 76' lang='lat'>-141-</span> 
     </span>
    </p>
   </div>
   <div class='ocr_carea' id='block_1_2' title="bbox 158 588 1290 2500">
    <p class='ocr_par' dir='ltr' id='par_1_2' title="bbox 158 588 1290 2500">
     <span class='ocr_line' id='line_1_2' title="bbox 281 588 1024 674; baseline -0.012 -18"><span class='ocrx_word' id='word_1_2' title='bbox 281 597 384 656; x_wconf 91' lang='lat' dir='ltr'>omnia</span> <span class='ocrx_word' id='word_1_3' title='bbox 406 595 579 674; x_wconf 86' lang='lat' dir='ltr'>perpetiar:</span> <span class='ocrx_word' id='word_1_4' title='bbox 602 601 721 653; x_wconf 84' lang='lat' dir='ltr'>tantum</span> <span class='ocrx_word' id='word_1_5' title='bbox 743 593 874 651; x_wconf 83' lang='lat' dir='ltr'>fortasse</span> <span class='ocrx_word' id='word_1_6' title='bbox 895 588 1024 662; x_wconf 82' lang='lat' dir='ltr'><strong>timebo,</strong></span> 
     </span>
     <span class='ocr_line' id='line_1_3' title="bbox 323 694 989 775; baseline -0.009 -19"><span class='ocrx_word' id='word_1_7' title='bbox 323 715 452 775; x_wconf 87' lang='lat' dir='ltr'>corpore</span> <span class='ocrx_word' id='word_1_8' title='bbox 473 695 616 754; x_wconf 82' lang='lat' dir='ltr'>laedatur</span> <span class='ocrx_word' id='word_1_9' title='bbox 638 714 678 752; x_wconf 89' lang='lat' dir='ltr'>ne</span> <span class='ocrx_word' id='word_1_10' title='bbox 699 713 807 752; x_wconf 80' lang='lat' dir='ltr'>manus</span> <span class='ocrx_word' id='word_1_11' title='bbox 830 694 889 752; x_wconf 86' lang='lat' dir='ltr'>ista</span> <span class='ocrx_word' id='word_1_12' title='bbox 910 711 989 750; x_wconf 91' lang='lat' dir='ltr'>meo.</span> 
     </span>
     <span class='ocr_line' id='line_1_4' title="bbox 222 792 1164 877; baseline -0.014 -14"><span class='ocrx_word' id='word_1_13' title='bbox 222 809 257 862; x_wconf 80' lang='lat'>85</span> <span class='ocrx_word' id='word_1_14' title='bbox 280 798 337 858; x_wconf 89' lang='lat' dir='ltr'>scd</span> <span class='ocrx_word' id='word_1_15' title='bbox 360 817 463 877; x_wconf 91' lang='lat' dir='ltr'>neque</span> <span class='ocrx_word' id='word_1_16' title='bbox 486 795 678 875; x_wconf 81' lang='lat' dir='ltr'><strong>conpedibus</strong></span> <span class='ocrx_word' id='word_1_17' title='bbox 702 815 760 854; x_wconf 91' lang='lat' dir='ltr'>nec</span> <span class='ocrx_word' id='word_1_18' title='bbox 780 814 831 864; x_wconf 90' lang='lat' dir='ltr'>me</span> <span class='ocrx_word' id='word_1_19' title='bbox 854 812 1006 872; x_wconf 80' lang='lat' dir='ltr'>conpesce</span> <span class='ocrx_word' id='word_1_20' title='bbox 1030 792 1164 850; x_wconf 85' lang='lat' dir='ltr'>catenis:</span> 
     </span>
     <span class='ocr_line' id='line_1_5' title="bbox 323 893 920 958; baseline -0.007 0"><span class='ocrx_word' id='word_1_21' title='bbox 323 898 469 958; x_wconf 87' lang='lat' dir='ltr'>servabor</span> <span class='ocrx_word' id='word_1_22' title='bbox 490 899 574 957; x_wconf 87' lang='lat' dir='ltr'>firmo</span> <span class='ocrx_word' id='word_1_23' title='bbox 596 898 717 955; x_wconf 86' lang='lat' dir='ltr'>vinctus</span> <span class='ocrx_word' id='word_1_24' title='bbox 741 907 843 954; x_wconf 85' lang='lat' dir='ltr'>amore</span> <span class='ocrx_word' id='word_1_25' title='bbox 865 893 920 954; x_wconf 88' lang='lat' dir='ltr'>tui.</span> 
     </span>
     <span class='ocr_line' id='line_1_6' title="bbox 280 997 1108 1079; baseline -0.007 -20"><span class='ocrx_word' id='word_1_26' title='bbox 280 1021 348 1060; x_wconf 92' lang='lat' dir='ltr'>cum</span> <span class='ocrx_word' id='word_1_27' title='bbox 369 999 451 1059; x_wconf 88' lang='lat' dir='ltr'>bene</span> <span class='ocrx_word' id='word_1_28' title='bbox 473 1019 508 1058; x_wconf 87' lang='lat' dir='ltr'>so</span> <span class='ocrx_word' id='word_1_29' title='bbox 531 1009 740 1079; x_wconf 87' lang='lat' dir='ltr'>quantumque</span> <span class='ocrx_word' id='word_1_30' title='bbox 761 999 847 1056; x_wconf 91' lang='lat' dir='ltr'>volet</span> <span class='ocrx_word' id='word_1_31' title='bbox 868 997 1027 1056; x_wconf 80' lang='lat' dir='ltr'>satiaverit</span> <span class='ocrx_word' id='word_1_32' title='bbox 1048 997 1108 1068; x_wconf 89' lang='lat' dir='ltr'>ira,</span> 
     </span>
     <span class='ocr_line' id='line_1_7' title="bbox 322 1099 1042 1181; baseline -0.004 -22"><span class='ocrx_word' id='word_1_33' title='bbox 322 1103 392 1181; x_wconf 84' lang='lat' dir='ltr'>ipsc</span> <span class='ocrx_word' id='word_1_34' title='bbox 414 1100 470 1160; x_wconf 92' lang='lat' dir='ltr'>tibi</span> <span class='ocrx_word' id='word_1_35' title='bbox 493 1100 596 1159; x_wconf 87' lang='lat' dir='ltr'>dices:</span> <span class='ocrx_word' id='word_1_36' title='bbox 621 1102 729 1180; x_wconf 85' lang='lat' dir='ltr'>‘quam</span> <span class='ocrx_word' id='word_1_37' title='bbox 752 1099 908 1178; x_wconf 84' lang='lat' dir='ltr'>patienter</span> <span class='ocrx_word' id='word_1_38' title='bbox 930 1099 1042 1156; x_wconf 82' lang='lat' dir='ltr'>amatl’</span> 
     </span>
     <span class='ocr_line' id='line_1_8' title="bbox 280 1200 996 1283; baseline -0.004 -22"><span class='ocrx_word' id='word_1_39' title='bbox 280 1205 349 1283; x_wconf 91' lang='lat' dir='ltr'>ipsa</span> <span class='ocrx_word' id='word_1_40' title='bbox 370 1202 426 1262; x_wconf 92' lang='lat' dir='ltr'>tibi</span> <span class='ocrx_word' id='word_1_41' title='bbox 450 1202 548 1276; x_wconf 91' lang='lat' dir='ltr'>dices,</span> <span class='ocrx_word' id='word_1_42' title='bbox 571 1201 624 1260; x_wconf 93' lang='lat' dir='ltr'>ubi</span> <span class='ocrx_word' id='word_1_43' title='bbox 645 1200 761 1259; x_wconf 88' lang='lat' dir='ltr'>videris</span> <span class='ocrx_word' id='word_1_44' title='bbox 783 1201 885 1260; x_wconf 86' lang='lat' dir='ltr'>omnia</span> <span class='ocrx_word' id='word_1_45' title='bbox 907 1200 996 1259; x_wconf 86' lang='lat' dir='ltr'>ferri:</span> 
     </span>
     <span class='ocr_line' id='line_1_9' title="bbox 224 1301 1060 1383; baseline -0.012 -15"><span class='ocrx_word' id='word_1_46' title='bbox 224 1315 267 1368; x_wconf 53' lang='lat'>90⁴</span> <span class='ocrx_word' id='word_1_47' title='bbox 323 1309 402 1364; x_wconf 84' lang='lat' dir='ltr'>‘tam</span> <span class='ocrx_word' id='word_1_48' title='bbox 423 1303 505 1362; x_wconf 89' lang='lat' dir='ltr'>bene</span> <span class='ocrx_word' id='word_1_49' title='bbox 529 1305 581 1383; x_wconf 88' lang='lat' dir='ltr'>qui</span> <span class='ocrx_word' id='word_1_50' title='bbox 602 1303 712 1375; x_wconf 89' lang='lat' dir='ltr'>servit,</span> <span class='ocrx_word' id='word_1_51' title='bbox 736 1303 851 1361; x_wconf 87' lang='lat' dir='ltr'>serviat</span> <span class='ocrx_word' id='word_1_52' title='bbox 872 1302 931 1361; x_wconf 92' lang='lat' dir='ltr'>iste</span> <span class='ocrx_word' id='word_1_53' title='bbox 953 1301 1060 1359; x_wconf 84' lang='lat' dir='ltr'>mihil&#39;</span> 
     </span>
     <span class='ocr_line' id='line_1_10' title="bbox 158 1403 1133 1488; baseline -0.006 -22"><span class='ocrx_word' id='word_1_54' title='bbox 158 1461 160 1465; x_wconf 14' lang='lat' dir='ltr'>a</span> <span class='ocrx_word' id='word_1_55' title='bbox 220 1485 221 1488; x_wconf 8' lang='grc' dir='ltr'><strong>Ἴ</strong></span> <span class='ocrx_word' id='word_1_56' title='bbox 281 1426 364 1465; x_wconf 91' lang='lat' dir='ltr'>nunc</span> <span class='ocrx_word' id='word_1_57' title='bbox 386 1425 456 1465; x_wconf 93' lang='lat' dir='ltr'>reus</span> <span class='ocrx_word' id='word_1_58' title='bbox 479 1404 593 1472; x_wconf 39' lang='lat' dir='ltr'>infelix,</span> <span class='ocrx_word' id='word_1_59' title='bbox 612 1403 724 1463; x_wconf 84' lang='lat' dir='ltr'>absens</span> <span class='ocrx_word' id='word_1_60' title='bbox 748 1423 836 1480; x_wconf 88' lang='lat' dir='ltr'>agor,</span> <span class='ocrx_word' id='word_1_61' title='bbox 861 1411 892 1462; x_wconf 85' lang='lat' dir='ltr'>ct</span> <span class='ocrx_word' id='word_1_62' title='bbox 913 1423 983 1462; x_wconf 89' lang='lat' dir='ltr'>mea</span> <span class='ocrx_word' id='word_1_63' title='bbox 1005 1422 1072 1461; x_wconf 91' lang='lat' dir='ltr'>cum</span> <span class='ocrx_word' id='word_1_64' title='bbox 1093 1403 1133 1461; x_wconf 90' lang='lat' dir='ltr'>sit</span> 
     </span>
     <span class='ocr_line' id='line_1_11' title="bbox 325 1504 965 1586; baseline -0.005 -20"><span class='ocrx_word' id='word_1_65' title='bbox 325 1508 439 1586; x_wconf 89' lang='lat' dir='ltr'>optima</span> <span class='ocrx_word' id='word_1_66' title='bbox 460 1527 524 1566; x_wconf 94' lang='lat' dir='ltr'>non</span> <span class='ocrx_word' id='word_1_67' title='bbox 545 1506 610 1565; x_wconf 90' lang='lat' dir='ltr'>ullo</span> <span class='ocrx_word' id='word_1_68' title='bbox 633 1525 725 1564; x_wconf 87' lang='lat' dir='ltr'>causa</span> <span class='ocrx_word' id='word_1_69' title='bbox 746 1512 853 1564; x_wconf 84' lang='lat' dir='ltr'>tuente</span> <span class='ocrx_word' id='word_1_70' title='bbox 875 1504 965 1584; x_wconf 89' lang='lat' dir='ltr'>perit.</span> 
     </span>
     <span class='ocr_line' id='line_1_12' title="bbox 282 1606 1290 1692; baseline -0.001 -26"><span class='ocrx_word' id='word_1_71' title='bbox 282 1609 340 1668; x_wconf 91' lang='lat' dir='ltr'>hoc</span> <span class='ocrx_word' id='word_1_72' title='bbox 363 1628 485 1688; x_wconf 89' lang='lat' dir='ltr'>quoque</span> <span class='ocrx_word' id='word_1_73' title='bbox 509 1606 593 1692; x_wconf 90' lang='lat' dir='ltr'>quod</span> <span class='ocrx_word' id='word_1_74' title='bbox 616 1607 753 1686; x_wconf 89' lang='lat' dir='ltr'>quereris</span> <span class='ocrx_word' id='word_1_75' title='bbox 775 1607 815 1665; x_wconf 89' lang='lat' dir='ltr'>sit</span> <span class='ocrx_word' id='word_1_76' title='bbox 836 1607 982 1685; x_wconf 91' lang='lat' dir='ltr'>scriptum</span> <span class='ocrx_word' id='word_1_77' title='bbox 1003 1606 1116 1665; x_wconf 90' lang='lat' dir='ltr'>iniuria</span> <span class='ocrx_word' id='word_1_78' title='bbox 1138 1613 1290 1666; x_wconf 90' lang='lat' dir='ltr'>nostrum:</span> 
     </span>
     <span class='ocr_line' id='line_1_13' title="bbox 325 1707 1056 1789; baseline -0.001 -21"><span class='ocrx_word' id='word_1_79' title='bbox 325 1709 408 1789; x_wconf 91' lang='lat' dir='ltr'>quod</span> <span class='ocrx_word' id='word_1_80' title='bbox 432 1709 471 1768; x_wconf 93' lang='lat' dir='ltr'>de</span> <span class='ocrx_word' id='word_1_81' title='bbox 493 1729 542 1768; x_wconf 89' lang='lat' dir='ltr'>mc</span> <span class='ocrx_word' id='word_1_82' title='bbox 564 1710 631 1768; x_wconf 91' lang='lat' dir='ltr'>solo</span> <span class='ocrx_word' id='word_1_83' title='bbox 654 1727 767 1787; x_wconf 86' lang='lat' dir='ltr'>nempe</span> <span class='ocrx_word' id='word_1_84' title='bbox 790 1709 926 1786; x_wconf 85' lang='lat' dir='ltr'>queraris</span> <span class='ocrx_word' id='word_1_85' title='bbox 949 1707 1056 1768; x_wconf 89' lang='lat' dir='ltr'>habes.</span> 
     </span>
     <span class='ocr_line' id='line_1_14' title="bbox 225 1810 1119 1890; baseline -0.008 -16"><span class='ocrx_word' id='word_1_86' title='bbox 225 1821 258 1874; x_wconf 83' lang='lat'>95</span> <span class='ocrx_word' id='word_1_87' title='bbox 281 1831 346 1870; x_wconf 89' lang='lat' dir='ltr'>non</span> <span class='ocrx_word' id='word_1_88' title='bbox 367 1811 478 1870; x_wconf 87' lang='lat' dir='ltr'>meruit</span> <span class='ocrx_word' id='word_1_89' title='bbox 500 1811 567 1870; x_wconf 88' lang='lat' dir='ltr'>falli</span> <span class='ocrx_word' id='word_1_90' title='bbox 589 1829 706 1870; x_wconf 88' lang='lat' dir='ltr'>mecum</span> <span class='ocrx_word' id='word_1_91' title='bbox 728 1828 851 1890; x_wconf 88' lang='lat' dir='ltr'>quoque</span> <span class='ocrx_word' id='word_1_92' title='bbox 873 1810 976 1868; x_wconf 88' lang='lat' dir='ltr'>Delia.</span> <span class='ocrx_word' id='word_1_93' title='bbox 1006 1810 1032 1868; x_wconf 89' lang='lat' dir='ltr'>si</span> <span class='ocrx_word' id='word_1_94' title='bbox 1055 1829 1119 1867; x_wconf 92' lang='lat' dir='ltr'>non</span> 
     </span>
     <span class='ocr_line' id='line_1_15' title="bbox 324 1894 1074 1990; baseline 0 -20"><span class='ocrx_word' id='word_1_95' title='bbox 324 1913 372 1971; x_wconf 86' lang='lat' dir='ltr'>vis</span> <span class='ocrx_word' id='word_1_96' title='bbox 395 1913 470 1970; x_wconf 93' lang='lat' dir='ltr'>mihi</span> <span class='ocrx_word' id='word_1_97' title='bbox 490 1913 672 1990; x_wconf 89' lang='lat' dir='ltr'>promissum</span> <span class='ocrx_word' id='word_1_98' title='bbox 693 1894 842 1984; x_wconf 82' lang='lat' dir='ltr'>reddere,</span> <span class='ocrx_word' id='word_1_99' title='bbox 866 1910 963 1970; x_wconf 78' lang='lat' dir='ltr'>redde</span> <span class='ocrx_word' id='word_1_100' title='bbox 986 1911 1074 1970; x_wconf 85' lang='lat' dir='ltr'>deae.</span> 
     </span>
     <span class='ocr_line' id='line_1_16' title="bbox 277 2011 1022 2094; baseline 0 -22"><span class='ocrx_word' id='word_1_101' title='bbox 277 2011 389 2094; x_wconf 85' lang='lat' dir='ltr'>[adfuit</span> <span class='ocrx_word' id='word_1_102' title='bbox 412 2022 443 2073; x_wconf 89' lang='lat' dir='ltr'>et</span> <span class='ocrx_word' id='word_1_103' title='bbox 465 2014 558 2088; x_wconf 87' lang='lat' dir='ltr'>vidit,</span> <span class='ocrx_word' id='word_1_104' title='bbox 583 2035 651 2073; x_wconf 92' lang='lat' dir='ltr'>cum</span> <span class='ocrx_word' id='word_1_105' title='bbox 671 2022 706 2073; x_wconf 88' lang='lat' dir='ltr'>tu</span> <span class='ocrx_word' id='word_1_106' title='bbox 728 2012 859 2092; x_wconf 89' lang='lat' dir='ltr'>decepta</span> <span class='ocrx_word' id='word_1_107' title='bbox 881 2011 1022 2086; x_wconf 84' lang='lat' dir='ltr'>rubebas,</span> 
     </span>
     <span class='ocr_line' id='line_1_17' title="bbox 326 2110 1018 2192; baseline -0.003 -18"><span class='ocrx_word' id='word_1_108' title='bbox 326 2125 356 2174; x_wconf 92' lang='lat' dir='ltr'>et</span> <span class='ocrx_word' id='word_1_109' title='bbox 378 2134 486 2174; x_wconf 88' lang='lat' dir='ltr'>vocem</span> <span class='ocrx_word' id='word_1_110' title='bbox 507 2116 633 2174; x_wconf 90' lang='lat' dir='ltr'>memori</span> <span class='ocrx_word' id='word_1_111' title='bbox 656 2113 797 2174; x_wconf 81' lang='lat' dir='ltr'>condidit</span> <span class='ocrx_word' id='word_1_112' title='bbox 819 2133 892 2173; x_wconf 84' lang='lat' dir='ltr'>aure</span> <span class='ocrx_word' id='word_1_113' title='bbox 914 2110 1018 2192; x_wconf 85' lang='lat' dir='ltr'>tuam]</span> 
     </span>
     <span class='ocr_line' id='line_1_18' title="bbox 284 2216 1053 2302; baseline -0.003 -26"><span class='ocrx_word' id='word_1_114' title='bbox 284 2218 441 2276; x_wconf 88' lang='lat' dir='ltr'>ominare</span> <span class='ocrx_word' id='word_1_115' title='bbox 465 2219 599 2276; x_wconf 87' lang='lat' dir='ltr'>careant.</span> <span class='ocrx_word' id='word_1_116' title='bbox 630 2217 708 2276; x_wconf 92' lang='lat' dir='ltr'>nihil</span> <span class='ocrx_word' id='word_1_117' title='bbox 731 2225 777 2276; x_wconf 89' lang='lat' dir='ltr'>est</span> <span class='ocrx_word' id='word_1_118' title='bbox 798 2216 963 2302; x_wconf 89' lang='lat' dir='ltr'>violentius</span> <span class='ocrx_word' id='word_1_119' title='bbox 985 2216 1053 2289; x_wconf 88' lang='lat' dir='ltr'>illa,</span> 
     </span>
     <span class='ocr_line' id='line_1_19' title="bbox 214 2317 1105 2398; baseline -0.004 -18"><span class='ocrx_word' id='word_1_120' title='bbox 214 2328 264 2380; x_wconf 95' lang='grc'>100</span> <span class='ocrx_word' id='word_1_121' title='bbox 328 2338 395 2378; x_wconf 90' lang='lat' dir='ltr'>cum</span> <span class='ocrx_word' id='word_1_122' title='bbox 417 2338 487 2392; x_wconf 90' lang='lat' dir='ltr'>sua,</span> <span class='ocrx_word' id='word_1_123' title='bbox 512 2317 596 2398; x_wconf 86' lang='lat' dir='ltr'>quod</span> <span class='ocrx_word' id='word_1_124' title='bbox 619 2319 729 2392; x_wconf 92' lang='lat' dir='ltr'>nolim,</span> <span class='ocrx_word' id='word_1_125' title='bbox 752 2319 880 2377; x_wconf 87' lang='lat' dir='ltr'>numina</span> <span class='ocrx_word' id='word_1_126' title='bbox 900 2319 987 2377; x_wconf 89' lang='lat' dir='ltr'>laesa</span> <span class='ocrx_word' id='word_1_127' title='bbox 1009 2317 1105 2377; x_wconf 87' lang='lat' dir='ltr'>videt.</span> 
     </span>
     <span class='ocr_line' id='line_1_20' title="bbox 284 2417 1145 2500; baseline 0.001 -21"><span class='ocrx_word' id='word_1_128' title='bbox 284 2417 383 2500; x_wconf 92' lang='lat' dir='ltr'>[testis</span> <span class='ocrx_word' id='word_1_129' title='bbox 407 2421 464 2479; x_wconf 85' lang='lat' dir='ltr'>erit</span> <span class='ocrx_word' id='word_1_130' title='bbox 487 2419 660 2500; x_wconf 79' lang='lat' dir='ltr'>Calydonis</span> <span class='ocrx_word' id='word_1_131' title='bbox 683 2440 768 2499; x_wconf 88' lang='lat' dir='ltr'>aper.</span> <span class='ocrx_word' id='word_1_132' title='bbox 797 2440 868 2478; x_wconf 89' lang='lat' dir='ltr'>nam</span> <span class='ocrx_word' id='word_1_133' title='bbox 890 2421 1014 2494; x_wconf 89' lang='lat' dir='ltr'>scimus,</span> <span class='ocrx_word' id='word_1_134' title='bbox 1036 2421 1145 2480; x_wconf 89' lang='lat' dir='ltr'>utillo</span> 
     </span>
    </p>
   </div>
   <div class='ocr_carea' id='block_1_3' title="bbox 211 2637 1331 3042">
    <p class='ocr_par' dir='ltr' id='par_1_3' title="bbox 211 2637 1331 3042">
     <span class='ocr_line' id='line_1_21' title="bbox 280 2637 1329 2703; baseline 0.002 -15"><span class='ocrx_word' id='word_1_135' title='bbox 280 2655 306 2689; x_wconf 91' lang='lat' dir='ltr'>v.</span> <span class='ocrx_word' id='word_1_136' title='bbox 321 2638 358 2689; x_wconf 72' lang='lat'>83</span> <span class='ocrx_word' id='word_1_137' title='bbox 380 2645 475 2689; x_wconf 81' lang='lat' dir='ltr'>tantum</span> <span class='ocrx_word' id='word_1_138' title='bbox 492 2639 539 2689; x_wconf 78' lang='lat' dir='ltr'>boc</span> <span class='ocrx_word' id='word_1_139' title='bbox 556 2639 589 2691; x_wconf 89' lang='lat' dir='ltr'>L.</span> <span class='ocrx_word' id='word_1_140' title='bbox 608 2663 639 2674; x_wconf 89' lang='lat'><em>-</em></span> <span class='ocrx_word' id='word_1_141' title='bbox 662 2654 689 2690; x_wconf 83' lang='lat' dir='ltr'>v.</span> <span class='ocrx_word' id='word_1_142' title='bbox 708 2641 741 2690; x_wconf 79' lang='lat'>85</span> <span class='ocrx_word' id='word_1_143' title='bbox 759 2638 920 2703; x_wconf 79' lang='lat' dir='ltr'>compedibus</span> <span class='ocrx_word' id='word_1_144' title='bbox 937 2637 1011 2687; x_wconf 88' lang='lat' dir='ltr'>libri.</span> <span class='ocrx_word' id='word_1_145' title='bbox 1047 2653 1171 2702; x_wconf 81' lang='lat' dir='ltr'>conpesce</span> <span class='ocrx_word' id='word_1_146' title='bbox 1189 2639 1246 2702; x_wconf 86' lang='lat' dir='ltr'>Pl,</span> <span class='ocrx_word' id='word_1_147' title='bbox 1265 2657 1329 2690; x_wconf 87' lang='lat' dir='ltr'>ccm-</span> 
     </span>
     <span class='ocr_line' id='line_1_22' title="bbox 211 2721 1330 2789; baseline -0.001 -15"><span class='ocrx_word' id='word_1_148' title='bbox 211 2739 291 2788; x_wconf 82' lang='lat' dir='ltr'>pescc</span> <span class='ocrx_word' id='word_1_149' title='bbox 315 2725 411 2776; x_wconf 86' lang='lat' dir='ltr'>ceteri.</span> <span class='ocrx_word' id='word_1_150' title='bbox 439 2749 470 2758; x_wconf 89' lang='lat'>—</span> <span class='ocrx_word' id='word_1_151' title='bbox 503 2738 530 2774; x_wconf 87' lang='lat' dir='ltr'>v.</span> <span class='ocrx_word' id='word_1_152' title='bbox 554 2723 587 2774; x_wconf 79' lang='lat'>87</span> <span class='ocrx_word' id='word_1_153' title='bbox 615 2731 733 2789; x_wconf 67' lang='lat' dir='ltr'>quandem</span> <span class='ocrx_word' id='word_1_154' title='bbox 754 2726 822 2774; x_wconf 83' lang='lat' dir='ltr'>volet</span> <span class='ocrx_word' id='word_1_155' title='bbox 844 2721 875 2782; x_wconf 75' lang='lat' dir='ltr'>S,</span> <span class='ocrx_word' id='word_1_156' title='bbox 904 2729 1070 2788; x_wconf 81' lang='lat' dir='ltr'>quantumque</span> <span class='ocrx_word' id='word_1_157' title='bbox 1092 2726 1160 2772; x_wconf 78' lang='lat' dir='ltr'>acies</span> <span class='ocrx_word' id='word_1_158' title='bbox 1188 2723 1330 2774; x_wconf 85' lang='lat' dir='ltr'>Heinsius.</span> 
     </span>
     <span class='ocr_line' id='line_1_23' title="bbox 213 2807 1331 2874; baseline -0.001 -15"><span class='ocrx_word' id='word_1_159' title='bbox 213 2810 348 2859; x_wconf 79' lang='lat' dir='ltr'>satiaverit</span> <span class='ocrx_word' id='word_1_160' title='bbox 365 2807 411 2858; x_wconf 86' lang='lat' dir='ltr'>Na&#39;</span> <span class='ocrx_word' id='word_1_161' title='bbox 426 2808 478 2858; x_wconf 92' lang='lat' dir='ltr'>Pl.</span> <span class='ocrx_word' id='word_1_162' title='bbox 498 2835 530 2862; x_wconf 80' lang='lat'>-.-</span> <span class='ocrx_word' id='word_1_163' title='bbox 553 2823 579 2858; x_wconf 82' lang='lat' dir='ltr'>v.</span> <span class='ocrx_word' id='word_1_164' title='bbox 598 2808 630 2858; x_wconf 83' lang='lat'>89</span> <span class='ocrx_word' id='word_1_165' title='bbox 652 2809 726 2874; x_wconf 72' lang='lat' dir='ltr'>serre</span> <span class='ocrx_word' id='word_1_166' title='bbox 741 2807 819 2870; x_wconf 90' lang='lat' dir='ltr'>libri,</span> <span class='ocrx_word' id='word_1_167' title='bbox 845 2807 944 2872; x_wconf 85' lang='lat' dir='ltr'>scripsi</span> <span class='ocrx_word' id='word_1_168' title='bbox 959 2808 1036 2870; x_wconf 78' lang='lat' dir='ltr'>ferri.</span> <span class='ocrx_word' id='word_1_169' title='bbox 1057 2833 1085 2842; x_wconf 88' lang='lat'><em>-</em></span> <span class='ocrx_word' id='word_1_170' title='bbox 1109 2825 1135 2856; x_wconf 86' lang='lat' dir='ltr'>v.</span> <span class='ocrx_word' id='word_1_171' title='bbox 1153 2809 1185 2857; x_wconf 98' lang='grc'>91</span> <span class='ocrx_word' id='word_1_172' title='bbox 1204 2824 1268 2873; x_wconf 77' lang='lat' dir='ltr'>epcr</span> <span class='ocrx_word' id='word_1_173' title='bbox 1285 2809 1331 2858; x_wconf 82' lang='lat' dir='ltr'>ab·</span> 
     </span>
     <span class='ocr_line' id='line_1_24' title="bbox 213 2892 1331 2954; baseline 0 -11"><span class='ocrx_word' id='word_1_174' title='bbox 213 2909 274 2944; x_wconf 82' lang='lat' dir='ltr'>sens</span> <span class='ocrx_word' id='word_1_175' title='bbox 291 2895 324 2942; x_wconf 86' lang='lat' dir='ltr'>L.</span> <span class='ocrx_word' id='word_1_176' title='bbox 360 2909 415 2952; x_wconf 81' lang='lat' dir='ltr'>mea</span> <span class='ocrx_word' id='word_1_177' title='bbox 439 2909 492 2942; x_wconf 84' lang='lat' dir='ltr'>cum</span> <span class='ocrx_word' id='word_1_178' title='bbox 513 2894 548 2942; x_wconf 81' lang='lat' dir='ltr'>sii</span> <span class='ocrx_word' id='word_1_179' title='bbox 570 2908 587 2942; x_wconf 85' lang='lat' dir='ltr'>a</span> <span class='ocrx_word' id='word_1_180' title='bbox 609 2907 666 2945; x_wconf 90' lang='lat' dir='ltr'>sec.</span> <span class='ocrx_word' id='word_1_181' title='bbox 684 2910 720 2943; x_wconf 87' lang='lat' dir='ltr'>m.</span> <span class='ocrx_word' id='word_1_182' title='bbox 738 2893 767 2942; x_wconf 94' lang='lat' dir='ltr'>in</span> <span class='ocrx_word' id='word_1_183' title='bbox 785 2908 882 2942; x_wconf 85' lang='lat' dir='ltr'>rasura</span> <span class='ocrx_word' id='word_1_184' title='bbox 899 2892 955 2954; x_wconf 91' lang='lat' dir='ltr'>Pl,</span> <span class='ocrx_word' id='word_1_185' title='bbox 980 2907 1026 2942; x_wconf 84' lang='lat' dir='ltr'>car</span> <span class='ocrx_word' id='word_1_186' title='bbox 1042 2894 1077 2942; x_wconf 83' lang='lat' dir='ltr'>cit</span> <span class='ocrx_word' id='word_1_187' title='bbox 1094 2892 1121 2944; x_wconf 83' lang='lat' dir='ltr'>S.</span> <span class='ocrx_word' id='word_1_188' title='bbox 1139 2919 1173 2928; x_wconf 88' lang='lat'><em>-</em></span> <span class='ocrx_word' id='word_1_189' title='bbox 1192 2908 1217 2942; x_wconf 88' lang='lat' dir='ltr'>v.</span> <span class='ocrx_word' id='word_1_190' title='bbox 1236 2895 1268 2944; x_wconf 79' lang='lat'>92</span> <span class='ocrx_word' id='word_1_191' title='bbox 1287 2893 1331 2944; x_wconf 88' lang='lat' dir='ltr'>ob-</span> 
     </span>
     <span class='ocr_line' id='line_1_25' title="bbox 214 2976 1330 3042; baseline 0.002 -15"><span class='ocrx_word' id='word_1_192' title='bbox 214 2979 274 3027; x_wconf 82' lang='lat' dir='ltr'>tima</span> <span class='ocrx_word' id='word_1_193' title='bbox 293 2976 326 3029; x_wconf 78' lang='lat' dir='ltr'>G.</span> <span class='ocrx_word' id='word_1_194' title='bbox 362 2983 464 3027; x_wconf 81' lang='lat' dir='ltr'>tanente</span> <span class='ocrx_word' id='word_1_195' title='bbox 487 2992 565 3027; x_wconf 86' lang='lat' dir='ltr'>craso</span> <span class='ocrx_word' id='word_1_196' title='bbox 588 2977 679 3042; x_wconf 86' lang='lat' dir='ltr'>priore</span> <span class='ocrx_word' id='word_1_197' title='bbox 702 2995 719 3027; x_wconf 81' lang='lat' dir='ltr'>a</span> <span class='ocrx_word' id='word_1_198' title='bbox 743 2982 771 3027; x_wconf 89' lang='lat' dir='ltr'>et</span> <span class='ocrx_word' id='word_1_199' title='bbox 793 2978 822 3026; x_wconf 89' lang='lat' dir='ltr'>in</span> <span class='ocrx_word' id='word_1_200' title='bbox 844 2977 968 3042; x_wconf 84' lang='lat' dir='ltr'>margine</span> <span class='ocrx_word' id='word_1_201' title='bbox 991 2977 1093 3041; x_wconf 87' lang='lat' dir='ltr'>scripto</span> <span class='ocrx_word' id='word_1_202' title='bbox 1116 2980 1137 3026; x_wconf 89' lang='lat' dir='ltr'>i&#39;</span> <span class='ocrx_word' id='word_1_203' title='bbox 1160 2981 1260 3027; x_wconf 79' lang='lat' dir='ltr'>timente</span> <span class='ocrx_word' id='word_1_204' title='bbox 1277 2979 1330 3031; x_wconf 91' lang='lat' dir='ltr'>Pl.</span> 
     </span>
    </p>
   </div>
   <div class='ocr_carea' id='block_1_4' title="bbox 212 3061 1333 3128">
    <p class='ocr_par' dir='ltr' id='par_1_4' title="bbox 212 3061 1333 3128">
     <span class='ocr_line' id='line_1_26' title="bbox 212 3061 1333 3128; baseline 0.001 -16"><span class='ocrx_word' id='word_1_205' title='bbox 212 3063 293 3126; x_wconf 80' lang='lat' dir='ltr'>periit</span> <span class='ocrx_word' id='word_1_206' title='bbox 311 3062 338 3112; x_wconf 86' lang='lat' dir='ltr'>S.</span> <span class='ocrx_word' id='word_1_207' title='bbox 357 3087 391 3097; x_wconf 95' lang='lat'>-</span> <span class='ocrx_word' id='word_1_208' title='bbox 409 3078 436 3112; x_wconf 90' lang='lat' dir='ltr'>v.</span> <span class='ocrx_word' id='word_1_209' title='bbox 450 3063 483 3112; x_wconf 88' lang='grc'>93</span> <span class='ocrx_word' id='word_1_210' title='bbox 501 3063 548 3112; x_wconf 74' lang='lat' dir='ltr'>icoc</span> <span class='ocrx_word' id='word_1_211' title='bbox 566 3078 664 3128; x_wconf 82' lang='lat' dir='ltr'>quoquc</span> <span class='ocrx_word' id='word_1_212' title='bbox 682 3064 751 3128; x_wconf 85' lang='lat' dir='ltr'>quod</span> <span class='ocrx_word' id='word_1_213' title='bbox 834 3078 883 3113; x_wconf 79' lang='lat' dir='ltr'>cus</span> <span class='ocrx_word' id='word_1_214' title='bbox 900 3065 933 3111; x_wconf 80' lang='lat' dir='ltr'>sit</span> <span class='ocrx_word' id='word_1_215' title='bbox 950 3061 1039 3112; x_wconf 90' lang='lat' dir='ltr'>tribus</span> <span class='ocrx_word' id='word_1_216' title='bbox 1056 3061 1157 3111; x_wconf 87' lang='lat' dir='ltr'>litteris</span> <span class='ocrx_word' id='word_1_217' title='bbox 1176 3063 1247 3111; x_wconf 90' lang='lat' dir='ltr'>inter</span> <span class='ocrx_word' id='word_1_218' title='bbox 1265 3065 1333 3128; x_wconf 83' lang='lat' dir='ltr'>quod</span> 
     </span>
    </p>
   </div>
   <div class='ocr_carea' id='block_1_5' title="bbox 217 3148 1332 3254">
    <p class='ocr_par' dir='ltr' id='par_1_5' title="bbox 217 3148 1332 3254">
     <span class='ocr_line' id='line_1_27' title="bbox 217 3148 1332 3254; baseline -0.001 -16"><span class='ocrx_word' id='word_1_219' title='bbox 217 3193 246 3238; x_wconf 86' lang='lat' dir='ltr'>ct</span> <span class='ocrx_word' id='word_1_220' title='bbox 263 3204 311 3238; x_wconf 77' lang='grc' dir='ltr'><strong>ιιιε</strong></span> <span class='ocrx_word' id='word_1_221' title='bbox 331 3190 418 3238; x_wconf 87' lang='lat' dir='ltr'>erasis</span> <span class='ocrx_word' id='word_1_222' title='bbox 441 3189 494 3239; x_wconf 91' lang='lat' dir='ltr'>Pl.</span> <span class='ocrx_word' id='word_1_223' title='bbox 535 3190 582 3238; x_wconf 82' lang='lat' dir='ltr'>boc</span> <span class='ocrx_word' id='word_1_224' title='bbox 603 3203 701 3254; x_wconf 79' lang='lat' dir='ltr'>qaoque</span> <span class='ocrx_word' id='word_1_225' title='bbox 722 3191 792 3254; x_wconf 83' lang='lat' dir='ltr'>quod</span> <span class='ocrx_word' id='word_1_226' title='bbox 813 3195 840 3238; x_wconf 83' lang='lat' dir='ltr'>iu</span> <span class='ocrx_word' id='word_1_227' title='bbox 859 3148 1039 3252; x_wconf 48' lang='lat' dir='ltr'>ciduscripium</span> <span class='ocrx_word' id='word_1_228' title='bbox 1061 3190 1154 3238; x_wconf 80' lang='lat' dir='ltr'>iniuria</span> <span class='ocrx_word' id='word_1_229' title='bbox 1175 3196 1275 3248; x_wconf 82' lang='lat' dir='ltr'>nostra,</span> <span class='ocrx_word' id='word_1_230' title='bbox 1303 3189 1332 3237; x_wconf 88' lang='lat' dir='ltr'>in</span> 
     </span>
    </p>
   </div>
   <div class='ocr_carea' id='block_1_6' title="bbox 214 3271 1334 4440">
    <p class='ocr_par' dir='ltr' id='par_1_6' title="bbox 214 3271 1334 4440">
     <span class='ocr_line' id='line_1_28' title="bbox 215 3271 1334 3339; baseline 0.002 -18"><span class='ocrx_word' id='word_1_231' title='bbox 215 3273 314 3337; x_wconf 89' lang='lat' dir='ltr'>quibus</span> <span class='ocrx_word' id='word_1_232' title='bbox 331 3276 367 3324; x_wconf 85' lang='lat' dir='ltr'>sit</span> <span class='ocrx_word' id='word_1_233' title='bbox 385 3276 422 3334; x_wconf 89' lang='lat' dir='ltr'>et,</span> <span class='ocrx_word' id='word_1_234' title='bbox 442 3272 506 3322; x_wconf 87' lang='lat' dir='ltr'>aliis</span> <span class='ocrx_word' id='word_1_235' title='bbox 525 3271 634 3334; x_wconf 86' lang='lat' dir='ltr'>deletis,</span> <span class='ocrx_word' id='word_1_236' title='bbox 653 3279 680 3322; x_wconf 84' lang='lat' dir='ltr'>ta</span> <span class='ocrx_word' id='word_1_237' title='bbox 697 3274 734 3323; x_wconf 82' lang='lat' dir='ltr'>vis</span> <span class='ocrx_word' id='word_1_238' title='bbox 752 3289 769 3322; x_wconf 84' lang='lat' dir='ltr'>a</span> <span class='ocrx_word' id='word_1_239' title='bbox 781 3287 837 3323; x_wconf 91' lang='lat' dir='ltr'>sec.</span> <span class='ocrx_word' id='word_1_240' title='bbox 851 3287 885 3322; x_wconf 92' lang='lat' dir='ltr'>m.</span> <span class='ocrx_word' id='word_1_241' title='bbox 906 3276 1048 3322; x_wconf 85' lang='lat' dir='ltr'>exaratum</span> <span class='ocrx_word' id='word_1_242' title='bbox 1067 3275 1116 3333; x_wconf 91' lang='lat' dir='ltr'>cst,</span> <span class='ocrx_word' id='word_1_243' title='bbox 1138 3273 1171 3323; x_wconf 84' lang='lat' dir='ltr'>G.</span> <span class='ocrx_word' id='word_1_244' title='bbox 1206 3274 1253 3324; x_wconf 80' lang='lat' dir='ltr'>boc</span> <span class='ocrx_word' id='word_1_245' title='bbox 1266 3275 1334 3339; x_wconf 83' lang='lat' dir='ltr'>qaod</span> 
     </span>
     <span class='ocr_line' id='line_1_29' title="bbox 214 3356 1330 3422; baseline 0 -16"><span class='ocrx_word' id='word_1_246' title='bbox 214 3372 286 3414; x_wconf 73' lang='lat' dir='ltr'>antor</span> <span class='ocrx_word' id='word_1_247' title='bbox 303 3359 378 3408; x_wconf 79' lang='lat' dir='ltr'>iussit</span> <span class='ocrx_word' id='word_1_248' title='bbox 394 3360 516 3422; x_wconf 83' lang='lat' dir='ltr'>scriptum</span> <span class='ocrx_word' id='word_1_249' title='bbox 534 3365 573 3407; x_wconf 86' lang='lat' dir='ltr'>est</span> <span class='ocrx_word' id='word_1_250' title='bbox 590 3359 685 3406; x_wconf 83' lang='lat' dir='ltr'>iniuria</span> <span class='ocrx_word' id='word_1_251' title='bbox 702 3358 831 3409; x_wconf 65' lang='lat' dir='ltr'>nosbuL</span> <span class='ocrx_word' id='word_1_252' title='bbox 852 3361 891 3420; x_wconf 92' lang='lat' dir='ltr'>et,</span> <span class='ocrx_word' id='word_1_253' title='bbox 916 3357 970 3408; x_wconf 89' lang='lat' dir='ltr'>nisi</span> <span class='ocrx_word' id='word_1_254' title='bbox 989 3356 1060 3422; x_wconf 87' lang='lat' dir='ltr'>quod</span> <span class='ocrx_word' id='word_1_255' title='bbox 1078 3359 1161 3407; x_wconf 82' lang='lat' dir='ltr'>nostri</span> <span class='ocrx_word' id='word_1_256' title='bbox 1181 3357 1280 3422; x_wconf 86' lang='lat' dir='ltr'>habet,</span> <span class='ocrx_word' id='word_1_257' title='bbox 1304 3357 1330 3408; x_wconf 87' lang='lat' dir='ltr'>S.</span> 
     </span>
     <span class='ocr_line' id='line_1_30' title="bbox 214 3441 1332 3509; baseline 0.002 -18"><span class='ocrx_word' id='word_1_258' title='bbox 214 3441 263 3492; x_wconf 78' lang='lat' dir='ltr'>boc</span> <span class='ocrx_word' id='word_1_259' title='bbox 281 3457 379 3507; x_wconf 83' lang='lat' dir='ltr'>qaoque</span> <span class='ocrx_word' id='word_1_260' title='bbox 397 3444 466 3508; x_wconf 82' lang='lat' dir='ltr'>quod</span> <span class='ocrx_word' id='word_1_261' title='bbox 481 3443 555 3492; x_wconf 80' lang='lat' dir='ltr'>iussit</span> <span class='ocrx_word' id='word_1_262' title='bbox 571 3443 693 3507; x_wconf 81' lang='lat' dir='ltr'>scriptum</span> <span class='ocrx_word' id='word_1_263' title='bbox 710 3450 750 3493; x_wconf 84' lang='lat' dir='ltr'>cst</span> <span class='ocrx_word' id='word_1_264' title='bbox 765 3443 860 3493; x_wconf 83' lang='lat' dir='ltr'>iniuria</span> <span class='ocrx_word' id='word_1_265' title='bbox 877 3444 960 3494; x_wconf 81' lang='lat' dir='ltr'>nostri</span> <span class='ocrx_word' id='word_1_266' title='bbox 976 3443 1028 3492; x_wconf 79' lang='lat'>1²2.</span> <span class='ocrx_word' id='word_1_267' title='bbox 1053 3441 1153 3508; x_wconf 90' lang='lat' dir='ltr'>scripsi</span> <span class='ocrx_word' id='word_1_268' title='bbox 1170 3443 1217 3493; x_wconf 76' lang='lat' dir='ltr'>boc</span> <span class='ocrx_word' id='word_1_269' title='bbox 1235 3459 1332 3509; x_wconf 83' lang='lat' dir='ltr'>quoque</span> 
     </span>
     <span class='ocr_line' id='line_1_31' title="bbox 215 3527 1334 3592; baseline 0.001 -16"><span class='ocrx_word' id='word_1_270' title='bbox 215 3527 284 3591; x_wconf 83' lang='lat' dir='ltr'>quod</span> <span class='ocrx_word' id='word_1_271' title='bbox 300 3529 424 3592; x_wconf 70' lang='lat' dir='ltr'>quereres.</span> <span class='ocrx_word' id='word_1_272' title='bbox 444 3553 475 3564; x_wconf 93' lang='lat'><strong>—</strong></span> <span class='ocrx_word' id='word_1_273' title='bbox 493 3541 519 3576; x_wconf 90' lang='lat' dir='ltr'>v.</span> <span class='ocrx_word' id='word_1_274' title='bbox 533 3527 567 3576; x_wconf 81' lang='lat'>94</span> <span class='ocrx_word' id='word_1_275' title='bbox 584 3529 646 3592; x_wconf 83' lang='lat' dir='ltr'>qaid</span> <span class='ocrx_word' id='word_1_276' title='bbox 661 3527 714 3577; x_wconf 83' lang='lat' dir='ltr'>Pa.</span> <span class='ocrx_word' id='word_1_277' title='bbox 738 3530 793 3578; x_wconf 86' lang='lat' dir='ltr'>solo</span> <span class='ocrx_word' id='word_1_278' title='bbox 811 3530 843 3578; x_wconf 88' lang='lat' dir='ltr'>uie</span> <span class='ocrx_word' id='word_1_279' title='bbox 860 3544 898 3578; x_wconf 86' lang='lat' dir='ltr'>me</span> <span class='ocrx_word' id='word_1_280' title='bbox 917 3527 949 3580; x_wconf 78' lang='lat' dir='ltr'>G.</span> <span class='ocrx_word' id='word_1_281' title='bbox 966 3555 998 3564; x_wconf 95' lang='lat'><strong>—</strong></span> <span class='ocrx_word' id='word_1_282' title='bbox 1016 3542 1043 3580; x_wconf 87' lang='lat' dir='ltr'>v.</span> <span class='ocrx_word' id='word_1_283' title='bbox 1055 3527 1088 3577; x_wconf 79' lang='lat'>95</span> <span class='ocrx_word' id='word_1_284' title='bbox 1106 3543 1157 3577; x_wconf 84' lang='lat' dir='ltr'>non</span> <span class='ocrx_word' id='word_1_285' title='bbox 1173 3543 1266 3578; x_wconf 81' lang='lat' dir='ltr'>mecum</span> <span class='ocrx_word' id='word_1_286' title='bbox 1275 3528 1334 3591; x_wconf 84' lang='lat' dir='ltr'>salii</span> 
     </span>
     <span class='ocr_line' id='line_1_32' title="bbox 215 3610 1333 3675; baseline 0.004 -17"><span class='ocrx_word' id='word_1_287' title='bbox 215 3611 306 3660; x_wconf 81' lang='lat' dir='ltr'>meruit</span> <span class='ocrx_word' id='word_1_288' title='bbox 318 3610 351 3674; x_wconf 80' lang='lat' dir='ltr'>G,</span> <span class='ocrx_word' id='word_1_289' title='bbox 370 3611 493 3675; x_wconf 76' lang='lat' dir='ltr'>conscili</span> <span class='ocrx_word' id='word_1_290' title='bbox 507 3613 597 3660; x_wconf 83' lang='lat' dir='ltr'>meruit</span> <span class='ocrx_word' id='word_1_291' title='bbox 613 3627 705 3662; x_wconf 85' lang='lat' dir='ltr'>mecum</span> <span class='ocrx_word' id='word_1_292' title='bbox 721 3613 773 3662; x_wconf 80' lang='lat' dir='ltr'>Pa.</span> <span class='ocrx_word' id='word_1_293' title='bbox 786 3638 820 3646; x_wconf 95' lang='lat'><em>-</em></span> <span class='ocrx_word' id='word_1_294' title='bbox 837 3628 864 3662; x_wconf 91' lang='lat' dir='ltr'>v.</span> <span class='ocrx_word' id='word_1_295' title='bbox 876 3615 909 3663; x_wconf 87' lang='grc'>96</span> <span class='ocrx_word' id='word_1_296' title='bbox 926 3614 1037 3664; x_wconf 83' lang='lat' dir='ltr'>reddere</span> <span class='ocrx_word' id='word_1_297' title='bbox 1051 3613 1179 3663; x_wconf 88' lang='lat' dir='ltr'>omissum</span> <span class='ocrx_word' id='word_1_298' title='bbox 1191 3613 1291 3662; x_wconf 87' lang='lat' dir='ltr'>deinde</span> <span class='ocrx_word' id='word_1_299' title='bbox 1304 3613 1333 3662; x_wconf 92' lang='lat' dir='ltr'>in</span> 
     </span>
     <span class='ocr_line' id='line_1_33' title="bbox 216 3695 1331 3761; baseline 0.003 -18"><span class='ocrx_word' id='word_1_300' title='bbox 216 3695 340 3758; x_wconf 84' lang='lat' dir='ltr'>margine</span> <span class='ocrx_word' id='word_1_301' title='bbox 354 3695 523 3760; x_wconf 83' lang='lat' dir='ltr'>adscriptum</span> <span class='ocrx_word' id='word_1_302' title='bbox 535 3696 588 3748; x_wconf 87' lang='lat' dir='ltr'>Pl.</span> <span class='ocrx_word' id='word_1_303' title='bbox 602 3722 634 3732; x_wconf 93' lang='lat'><strong>—</strong></span> <span class='ocrx_word' id='word_1_304' title='bbox 652 3711 679 3748; x_wconf 87' lang='lat' dir='ltr'>v.</span> <span class='ocrx_word' id='word_1_305' title='bbox 692 3697 725 3745; x_wconf 84' lang='grc'>97</span> <span class='ocrx_word' id='word_1_306' title='bbox 736 3711 777 3759; x_wconf 87' lang='lat' dir='ltr'>sq.</span> <span class='ocrx_word' id='word_1_307' title='bbox 791 3697 1004 3761; x_wconf 87' lang='lat' dir='ltr'>circumscripsi.</span> <span class='ocrx_word' id='word_1_308' title='bbox 1025 3698 1061 3748; x_wconf 85' lang='lat' dir='ltr'>cf.</span> <span class='ocrx_word' id='word_1_309' title='bbox 1073 3714 1099 3747; x_wconf 87' lang='lat' dir='ltr'>v.</span> <span class='ocrx_word' id='word_1_310' title='bbox 1114 3699 1154 3746; x_wconf 88' lang='lat'>19.</span> <span class='ocrx_word' id='word_1_311' title='bbox 1182 3697 1267 3759; x_wconf 80' lang='lat' dir='ltr'>adsuit</span> <span class='ocrx_word' id='word_1_312' title='bbox 1278 3698 1331 3758; x_wconf 86' lang='lat' dir='ltr'>P1,</span> 
     </span>
     <span class='ocr_line' id='line_1_34' title="bbox 216 3779 1333 3844; baseline 0.002 -16"><span class='ocrx_word' id='word_1_313' title='bbox 216 3779 291 3844; x_wconf 80' lang='lat' dir='ltr'>affuit</span> <span class='ocrx_word' id='word_1_314' title='bbox 309 3780 405 3829; x_wconf 89' lang='lat' dir='ltr'>ceteri.</span> <span class='ocrx_word' id='word_1_315' title='bbox 425 3806 457 3815; x_wconf 94' lang='lat'><strong>—</strong></span> <span class='ocrx_word' id='word_1_316' title='bbox 474 3797 501 3830; x_wconf 83' lang='lat' dir='ltr'>v.</span> <span class='ocrx_word' id='word_1_317' title='bbox 519 3781 552 3830; x_wconf 88' lang='lat'>98</span> <span class='ocrx_word' id='word_1_318' title='bbox 574 3782 676 3830; x_wconf 87' lang='lat' dir='ltr'>memori</span> <span class='ocrx_word' id='word_1_319' title='bbox 693 3796 776 3830; x_wconf 85' lang='lat' dir='ltr'>vocem</span> <span class='ocrx_word' id='word_1_320' title='bbox 793 3781 836 3829; x_wconf 79' lang='lat' dir='ltr'>Pa</span> <span class='ocrx_word' id='word_1_321' title='bbox 855 3780 882 3831; x_wconf 76' lang='lat' dir='ltr'>S.</span> <span class='ocrx_word' id='word_1_322' title='bbox 917 3796 962 3830; x_wconf 90' lang='lat' dir='ltr'>cre</span> <span class='ocrx_word' id='word_1_323' title='bbox 979 3797 1025 3830; x_wconf 84' lang='lat' dir='ltr'>suo</span> <span class='ocrx_word' id='word_1_324' title='bbox 1048 3779 1080 3830; x_wconf 85' lang='lat' dir='ltr'>G.</span> <span class='ocrx_word' id='word_1_325' title='bbox 1099 3805 1133 3816; x_wconf 88' lang='lat'><em>-</em></span> <span class='ocrx_word' id='word_1_326' title='bbox 1150 3797 1176 3831; x_wconf 88' lang='lat' dir='ltr'>v.</span> <span class='ocrx_word' id='word_1_327' title='bbox 1195 3784 1228 3831; x_wconf 93' lang='grc'>99</span> <span class='ocrx_word' id='word_1_328' title='bbox 1252 3782 1333 3832; x_wconf 83' lang='lat' dir='ltr'>omnia</span> 
     </span>
     <span class='ocr_line' id='line_1_35' title="bbox 218 3865 1332 3929; baseline 0.002 -17"><span class='ocrx_word' id='word_1_329' title='bbox 218 3867 371 3914; x_wconf 86' lang='lat' dir='ltr'>correctum</span> <span class='ocrx_word' id='word_1_330' title='bbox 389 3865 419 3913; x_wconf 93' lang='lat' dir='ltr'>in</span> <span class='ocrx_word' id='word_1_331' title='bbox 437 3866 520 3914; x_wconf 83' lang='lat' dir='ltr'>omina</span> <span class='ocrx_word' id='word_1_332' title='bbox 536 3866 593 3926; x_wconf 94' lang='lat' dir='ltr'>Pl,</span> <span class='ocrx_word' id='word_1_333' title='bbox 614 3867 696 3916; x_wconf 84' lang='lat' dir='ltr'>omnia</span> <span class='ocrx_word' id='word_1_334' title='bbox 713 3865 765 3914; x_wconf 81' lang='lat' dir='ltr'>Pa.</span> <span class='ocrx_word' id='word_1_335' title='bbox 796 3866 832 3914; x_wconf 84' lang='lat' dir='ltr'>nii</span> <span class='ocrx_word' id='word_1_336' title='bbox 849 3865 894 3914; x_wconf 91' lang='lat' dir='ltr'>cui</span> <span class='ocrx_word' id='word_1_337' title='bbox 911 3865 1127 3929; x_wconf 89' lang='lat' dir='ltr'>superscriptum</span> <span class='ocrx_word' id='word_1_338' title='bbox 1146 3869 1188 3914; x_wconf 88' lang='lat' dir='ltr'>est</span> <span class='ocrx_word' id='word_1_339' title='bbox 1205 3867 1281 3916; x_wconf 76' lang='lat' dir='ltr'>nichil</span> <span class='ocrx_word' id='word_1_340' title='bbox 1300 3865 1332 3916; x_wconf 88' lang='lat' dir='ltr'>G.</span> 
     </span>
     <span class='ocr_line' id='line_1_36' title="bbox 217 3947 1332 4012; baseline 0 -15"><span class='ocrx_word' id='word_1_341' title='bbox 217 3948 254 3997; x_wconf 89' lang='lat' dir='ltr'>cf.</span> <span class='ocrx_word' id='word_1_342' title='bbox 278 3947 432 3998; x_wconf 84' lang='lat' dir='ltr'>Lucienum</span> <span class='ocrx_word' id='word_1_343' title='bbox 455 3948 619 4000; x_wconf 88' lang='lat' dir='ltr'>Muellerum</span> <span class='ocrx_word' id='word_1_344' title='bbox 641 3949 675 3999; x_wconf 88' lang='lat' dir='ltr'>de</span> <span class='ocrx_word' id='word_1_345' title='bbox 699 3964 728 3998; x_wconf 90' lang='lat' dir='ltr'>rc</span> <span class='ocrx_word' id='word_1_346' title='bbox 751 3954 828 3998; x_wconf 91' lang='lat' dir='ltr'>metr.</span> <span class='ocrx_word' id='word_1_347' title='bbox 848 3965 873 4012; x_wconf 88' lang='lat' dir='ltr'>p.</span> <span class='ocrx_word' id='word_1_348' title='bbox 892 3951 934 4000; x_wconf 73' lang='lat'>47.</span> <span class='ocrx_word' id='word_1_349' title='bbox 975 3949 1004 3998; x_wconf 92' lang='lat' dir='ltr'>in</span> <span class='ocrx_word' id='word_1_350' title='bbox 1023 3948 1041 3998; x_wconf 84' lang='lat' dir='ltr'>S</span> <span class='ocrx_word' id='word_1_351' title='bbox 1059 3965 1085 4000; x_wconf 84' lang='lat' dir='ltr'>v.</span> <span class='ocrx_word' id='word_1_352' title='bbox 1104 3951 1231 4000; x_wconf 79' lang='grc'><strong>99-178</strong></span> <span class='ocrx_word' id='word_1_353' title='bbox 1249 3950 1332 3999; x_wconf 90' lang='lat' dir='ltr'>inter-</span> 
     </span>
     <span class='ocr_line' id='line_1_37' title="bbox 218 4032 1334 4100; baseline -0.001 -18"><span class='ocrx_word' id='word_1_354' title='bbox 218 4033 344 4082; x_wconf 85' lang='lat' dir='ltr'>ciderunt</span> <span class='ocrx_word' id='word_1_355' title='bbox 360 4047 415 4082; x_wconf 90' lang='lat' dir='ltr'>uno</span> <span class='ocrx_word' id='word_1_356' title='bbox 428 4032 496 4084; x_wconf 83' lang='lat' dir='ltr'>folio</span> <span class='ocrx_word' id='word_1_357' title='bbox 510 4034 642 4085; x_wconf 87' lang='lat' dir='ltr'>abscisso.</span> <span class='ocrx_word' id='word_1_358' title='bbox 656 4060 688 4070; x_wconf 89' lang='lat'><em>-</em></span> <span class='ocrx_word' id='word_1_359' title='bbox 701 4050 727 4086; x_wconf 87' lang='lat' dir='ltr'>v.</span> <span class='ocrx_word' id='word_1_360' title='bbox 741 4035 789 4084; x_wconf 88' lang='lat'>100</span> <span class='ocrx_word' id='word_1_361' title='bbox 808 4035 877 4099; x_wconf 84' lang='lat' dir='ltr'>quod</span> <span class='ocrx_word' id='word_1_362' title='bbox 887 4036 961 4084; x_wconf 84' lang='lat' dir='ltr'>nolim</span> <span class='ocrx_word' id='word_1_363' title='bbox 972 4033 1026 4097; x_wconf 88' lang='lat' dir='ltr'>Pl,</span> <span class='ocrx_word' id='word_1_364' title='bbox 1045 4049 1110 4100; x_wconf 84' lang='lat' dir='ltr'>quae</span> <span class='ocrx_word' id='word_1_365' title='bbox 1121 4037 1196 4085; x_wconf 82' lang='lat' dir='ltr'>nolim</span> <span class='ocrx_word' id='word_1_366' title='bbox 1215 4034 1334 4098; x_wconf 85' lang='lat' dir='ltr'>Gsupra</span> 
     </span>
     <span class='ocr_line' id='line_1_38' title="bbox 217 4117 1331 4186; baseline 0 -20"><span class='ocrx_word' id='word_1_367' title='bbox 217 4132 283 4183; x_wconf 82' lang='lat' dir='ltr'>quae</span> <span class='ocrx_word' id='word_1_368' title='bbox 295 4117 397 4182; x_wconf 89' lang='lat' dir='ltr'>scripto</span> <span class='ocrx_word' id='word_1_369' title='bbox 410 4125 428 4175; x_wconf 82' lang='lat' dir='ltr'>t,</span> <span class='ocrx_word' id='word_1_370' title='bbox 441 4117 490 4167; x_wconf 86' lang='lat' dir='ltr'>scd</span> <span class='ocrx_word' id='word_1_371' title='bbox 503 4119 565 4183; x_wconf 86' lang='lat' dir='ltr'>ipsa</span> <span class='ocrx_word' id='word_1_372' title='bbox 577 4120 657 4170; x_wconf 88' lang='lat' dir='ltr'>varia</span> <span class='ocrx_word' id='word_1_373' title='bbox 668 4118 753 4168; x_wconf 87' lang='lat' dir='ltr'>lectio</span> <span class='ocrx_word' id='word_1_374' title='bbox 767 4119 852 4180; x_wconf 88' lang='lat' dir='ltr'>deest,</span> <span class='ocrx_word' id='word_1_375' title='bbox 867 4121 936 4184; x_wconf 84' lang='lat' dir='ltr'>qaod</span> <span class='ocrx_word' id='word_1_376' title='bbox 945 4121 1025 4170; x_wconf 82' lang='lat' dir='ltr'>noluit</span> <span class='ocrx_word' id='word_1_377' title='bbox 1036 4119 1068 4182; x_wconf 91' lang='lat' dir='ltr'>L,</span> <span class='ocrx_word' id='word_1_378' title='bbox 1088 4121 1157 4186; x_wconf 80' lang='lat' dir='ltr'>qaod</span> <span class='ocrx_word' id='word_1_379' title='bbox 1167 4120 1230 4170; x_wconf 77' lang='lat' dir='ltr'>nolit</span> <span class='ocrx_word' id='word_1_380' title='bbox 1240 4119 1293 4167; x_wconf 84' lang='lat' dir='ltr'>Pa.</span> <span class='ocrx_word' id='word_1_381' title='bbox 1302 4144 1331 4155; x_wconf 90' lang='lat'><em>-</em></span> 
     </span>
     <span class='ocr_line' id='line_1_39' title="bbox 216 4201 1333 4266; baseline 0 -15"><span class='ocrx_word' id='word_1_382' title='bbox 216 4215 243 4252; x_wconf 85' lang='lat' dir='ltr'>v.</span> <span class='ocrx_word' id='word_1_383' title='bbox 254 4202 301 4251; x_wconf 93' lang='grc'>101</span> <span class='ocrx_word' id='word_1_384' title='bbox 309 4217 350 4266; x_wconf 87' lang='lat' dir='ltr'>sq.</span> <span class='ocrx_word' id='word_1_385' title='bbox 363 4201 531 4253; x_wconf 87' lang='lat' dir='ltr'>adulterinos</span> <span class='ocrx_word' id='word_1_386' title='bbox 545 4207 711 4253; x_wconf 86' lang='lat' dir='ltr'>censuerunt</span> <span class='ocrx_word' id='word_1_387' title='bbox 720 4203 853 4253; x_wconf 89' lang='lat' dir='ltr'>Heinsius</span> <span class='ocrx_word' id='word_1_388' title='bbox 866 4207 894 4253; x_wconf 92' lang='lat' dir='ltr'>et</span> <span class='ocrx_word' id='word_1_389' title='bbox 907 4203 1086 4254; x_wconf 82' lang='lat' dir='ltr'>Schraderus.</span> <span class='ocrx_word' id='word_1_390' title='bbox 1104 4205 1151 4253; x_wconf 89' lang='lat' dir='ltr'>sed</span> <span class='ocrx_word' id='word_1_391' title='bbox 1164 4219 1188 4252; x_wconf 91' lang='lat' dir='ltr'>v.</span> <span class='ocrx_word' id='word_1_392' title='bbox 1201 4203 1333 4251; x_wconf 82' lang='grc'><strong>101-107</strong></span> 
     </span>
     <span class='ocr_line' id='line_1_40' title="bbox 216 4285 1333 4352; baseline 0.002 -18"><span class='ocrx_word' id='word_1_393' title='bbox 216 4287 269 4336; x_wconf 89' lang='lat' dir='ltr'>toti</span> <span class='ocrx_word' id='word_1_394' title='bbox 281 4285 355 4336; x_wconf 85' lang='lat' dir='ltr'>haud</span> <span class='ocrx_word' id='word_1_395' title='bbox 368 4285 451 4336; x_wconf 90' lang='lat' dir='ltr'>dubie</span> <span class='ocrx_word' id='word_1_396' title='bbox 463 4287 667 4352; x_wconf 86' lang='lat' dir='ltr'>interpolatoris</span> <span class='ocrx_word' id='word_1_397' title='bbox 680 4294 744 4338; x_wconf 85' lang='lat' dir='ltr'>sunt</span> <span class='ocrx_word' id='word_1_398' title='bbox 754 4288 868 4338; x_wconf 88' lang='lat' dir='ltr'>inficeti.</span> <span class='ocrx_word' id='word_1_399' title='bbox 900 4292 971 4339; x_wconf 82' lang='lat' dir='ltr'>testis</span> <span class='ocrx_word' id='word_1_400' title='bbox 989 4292 1062 4338; x_wconf 85' lang='lat' dir='ltr'>adest</span> <span class='ocrx_word' id='word_1_401' title='bbox 1079 4289 1131 4350; x_wconf 80' lang='lat' dir='ltr'>Pa,</span> <span class='ocrx_word' id='word_1_402' title='bbox 1151 4290 1222 4337; x_wconf 80' lang='lat' dir='ltr'>testis</span> <span class='ocrx_word' id='word_1_403' title='bbox 1234 4288 1283 4335; x_wconf 80' lang='lat' dir='ltr'>erit</span> <span class='ocrx_word' id='word_1_404' title='bbox 1295 4323 1301 4335; x_wconf 91' lang='lat'>.</span> <span class='ocrx_word' id='word_1_405' title='bbox 1312 4321 1333 4336; x_wconf 87' lang='lat'>..</span> 
     </span>
     <span class='ocr_line' id='line_1_41' title="bbox 217 4371 1334 4440; baseline 0.002 -20"><span class='ocrx_word' id='word_1_406' title='bbox 217 4372 296 4440; x_wconf 75' lang='lat' dir='ltr'>lydor</span> <span class='ocrx_word' id='word_1_407' title='bbox 308 4407 344 4425; x_wconf 83' lang='lat'>...</span> <span class='ocrx_word' id='word_1_408' title='bbox 356 4387 423 4436; x_wconf 84' lang='lat' dir='ltr'>aper</span> <span class='ocrx_word' id='word_1_409' title='bbox 435 4406 559 4424; x_wconf 86' lang='lat'>.........</span> <span class='ocrx_word' id='word_1_410' title='bbox 577 4387 676 4422; x_wconf 88' lang='lat' dir='ltr'>manco</span> <span class='ocrx_word' id='word_1_411' title='bbox 688 4388 770 4423; x_wconf 85' lang='lat' dir='ltr'>versu</span> <span class='ocrx_word' id='word_1_412' title='bbox 783 4374 818 4422; x_wconf 87' lang='lat' dir='ltr'>ab</span> <span class='ocrx_word' id='word_1_413' title='bbox 831 4387 888 4423; x_wconf 91' lang='lat' dir='ltr'>sec.</span> <span class='ocrx_word' id='word_1_414' title='bbox 901 4390 937 4426; x_wconf 92' lang='lat' dir='ltr'>m.</span> <span class='ocrx_word' id='word_1_415' title='bbox 950 4375 979 4422; x_wconf 92' lang='lat' dir='ltr'>in</span> <span class='ocrx_word' id='word_1_416' title='bbox 992 4373 1115 4437; x_wconf 81' lang='lat' dir='ltr'>margine</span> <span class='ocrx_word' id='word_1_417' title='bbox 1130 4371 1265 4440; x_wconf 90' lang='lat' dir='ltr'>completo</span> <span class='ocrx_word' id='word_1_418' title='bbox 1278 4388 1334 4422; x_wconf 82' lang='lat' dir='ltr'>nam</span> 
     </span>
    </p>
   </div>
   <div class='ocr_carea' id='block_1_7' title="bbox 0 0 1658 5158">
    <p class='ocr_par' dir='ltr' id='par_1_7' title="bbox 0 0 1658 5158">
     <span class='ocr_line' id='line_1_42' title="bbox 0 0 1658 5158; baseline 0 0"><span class='ocrx_word' id='word_1_419' title='bbox 0 0 1658 5158; x_wconf 95' lang='lat' dir='ltr'> </span> 
     </span>
    </p>
   </div>
  </div>
 </body>
</html>
