3254 5158
731 476 774 488 ..
815 437 857 502 62
899 475 942 488 ..

281 613 322 672 ad
346 632 426 692 quae
448 613 576 692 respicit
598 611 744 694 Cydippe
765 612 849 671 XXI
871 620 921 673 125
944 631 1013 692 sqq.

432 759 461 806 ct
481 750 583 823 fuerat
605 752 705 806 melius
726 752 752 806 si
773 756 799 806 te
817 763 895 822 puer
917 751 969 804 iste
991 749 1117 816 tenebat,

481 869 582 925 quem
605 859 640 908 tu
663 855 786 908 neseio
809 867 898 923 quos
919 852 1015 906 dieis
1036 850 1171 906 habere
1194 842 1336 929 cices¹),

430 971 509 1011 more
531 956 611 1010 bonis
632 955 711 1010 solito
733 969 812 1025 spem
825 970 893 1022 αοα
915 966 1102 1023 corrumpere
1122 951 1240 1022 fraude.

280 1090 405 1148 omnino
429 1097 531 1147 autem
552 1107 649 1146 novo
665 1087 779 1146 Aconti
794 1087 919 1146 artificio
936 1084 1150 1158 callidissimo,
1173 1085 1206 1143 in
1223 1104 1283 1166 quo
1300 1085 1392 1144 cardo

278 1191 371 1249 totius
394 1189 518 1248 fabulae
546 1196 732 1262 verteretur,
761 1188 795 1245 in
817 1188 922 1266 primis
944 1195 1067 1246 veteres
1090 1186 1235 1246 delectati
1259 1206 1327 1246 esse
1349 1187 1393 1244 vi-

281 1290 407 1377 dentur,
433 1289 515 1369 quod
539 1289 630 1349 docet
653 1287 784 1348 Ovidius
809 1308 837 1347 a.
861 1309 888 1347 a.
911 1289 928 1347 I
950 1295 1001 1351 455
1023 1308 1091 1368 sqq.

429 1443 496 1501 erpo
519 1433 567 1483 eet
588 1434 616 1483 et
636 1427 747 1484 blandis
765 1432 925 1497 peraretur
946 1427 1048 1483 littere
1063 1427 1171 1493 vertis,

482 1530 669 1601 exploretque
691 1530 801 1584 animos
821 1530 972 1601 primoque
994 1534 1109 1600 temptet
1129 1530 1192 1584 iter.

430 1631 525 1686 littere
550 1629 698 1701 Cydippen
716 1646 803 1701 pomo
823 1630 937 1701 perlate
956 1628 1079 1701 fefellit,

480 1733 626 1802 terciaque
648 1738 690 1788 est
712 1733 805 1788 uerbis
826 1737 914 1803 cepta
932 1732 1034 1803 puelle
1055 1733 1125 1787 suis.

280 1876 310 1926 et
338 1866 415 1926 alias
445 1884 567 1944 quoque
596 1863 710 1924 Aconti
738 1884 860 1943 pomum
889 1873 922 1922 ut
949 1885 1013 1924 rem
1040 1865 1074 1924 in
1106 1865 1211 1944 primis
1240 1863 1394 1924 celebrem

278 1968 409 2027 vidimus
433 1967 669 2025 commemorari.
714 1985 750 2024 ac
772 1967 837 2026 noli
860 1965 1014 2040 dubitare,
1041 1967 1115 2046 quin
1132 1965 1335 2026 Callimachus
1353 1970 1391 2025 in

278 2089 368 2147 pomo
386 2067 529 2146 Cydonio
553 2087 590 2126 ea
612 2067 734 2126 ratione
756 2067 877 2142 luserit,
903 2087 981 2146 quae
1005 2067 1158 2126 indicatur
1181 2066 1218 2126 ab
1234 2069 1392 2147 Hesychio
1491 2100 1494 2105 ·

279 2163 448 2227 Κυδώνιον·
478 2163 552 2245 μέγα
575 2163 625 2225 καὶ
647 2155 812 2246 ἀξιόλογον.
850 2155 870 2243 ἢ
898 2159 1108 2243 ἀπατηλόν,
1134 2161 1268 2226 δόλιον.
1308 2169 1395 2229 deni-

280 2291 340 2350 que
365 2269 528 2349 Cupidinis
552 2271 644 2328 astuti
666 2271 810 2329 mirificae
833 2269 967 2330 insidiae
990 2271 1155 2330 communis
1179 2271 1244 2330 fere
1268 2273 1394 2332 erotico-

279 2392 345 2430 rum
373 2371 457 2431 locus
486 2353 557 2430 sunt
590 2391 755 2452 eorumque
784 2372 836 2430 vix
864 2373 939 2430 mihi
966 2392 1091 2451 possum
1117 2380 1291 2452 temperare
1321 2374 1394 2453 quin

280 2493 375 2532 unum
397 2475 566 2532 alterumve
588 2474 764 2552 respexisse
781 2493 818 2533 ea
839 2474 872 2531 in
894 2493 927 2532 re
950 2482 1056 2552 putem
1077 2475 1228 2533 notissimi
1252 2476 1393 2534 carminis

281 2575 381 2633 locum
403 2561 636 2652 lepidissimum.
675 2575 771 2634 veluti
795 2572 919 2634 Charito
944 2576 961 2634 I
985 2587 1007 2648 l,
1031 2583 1062 2636 4:
1086 2564 1255 2651 φιλόνεικος
1271 2565 1298 2632 δ’
1318 2571 1396 2633 ἐστὶν

280 2663 296 2732 ὃ
313 2667 409 2749 Ἔρως
432 2671 482 2732 καὶ
505 2675 600 2751 χαίρει
621 2679 682 2748 τοῖς
697 2671 872 2750 παραδόξοις
888 2669 1131 2754 κατορθώμασιν·
1155 2669 1274 2752 ἐζήτησε
1290 2673 1322 2736 δὲ
1336 2697 1396 2735 τοι-

281 2769 348 2835 όνδε
372 2767 422 2836 cdv
444 2771 558 2854 καιρόν.
595 2777 678 2838 idem
700 2779 747 2839 IV
761 2787 787 2852 7,
804 2787 838 2841 6:
863 2770 938 2859 [οἷα]
962 2767 1018 2857 γὰρ
1040 2775 1271 2860 πεπαιδευμένος
1294 2775 1396 2837 ἐνεθο-

279 2883 370 2954 μεῖιο,
394 2871 438 2937 ὅτι
462 2871 638 2954 φιλόκαινός
661 2877 738 2938 ἔστιν
760 2871 894 2955 ὁἜρως.
922 2881 1060 2940 Achilles
1076 2881 1145 2940 Tot.
1162 2883 1179 2940 I
1196 2891 1237 2955 10,
1255 2893 1285 2946 l:
1308 2871 1395 2939 udro-

280 2978 416 3052 δίδακτος
438 2975 496 3060 γαρ
519 2975 597 3039 ἐστιν
620 2970 636 3038 ὁ
658 2971 730 3052 θεὸς
752 2974 901 3058 σοφιστής.
940 2982 969 3042 V
991 2990 1033 3056 27,
1057 2991 1088 3044 4:
1117 2970 1279 3061 αὐτουργὸς
1300 2972 1356 3061 γὰρ
1379 2971 1394 3040 d

270 3076 368 3163 Ἔρως
390 3078 440 3140 καὶ
463 3069 650 3160 αὐτοσχέδιος
673 3074 825 3159 σοφιστής.
849 3084 887 3143 cf.
908 3072 1012 3162 Longi
1034 3093 1113 3162 past.
1136 3073 1183 3146 IV
1199 3093 1240 3159 18,
1265 3097 1288 3147 1.
1311 3086 1395 3145 Non·

281 3293 305 3334 te
323 3285 405 3334 verbis
418 3286 477 3334 milti
494 3285 530 3349 (h.
546 3303 569 3336 e.
583 3303 600 3336 α
612 3284 658 3348 me)
677 3287 817 3351 conpositis
833 3285 878 3336 vel
898 3293 922 3335 te
934 3286 1016 3336 verbis
1028 3303 1044 3335 u
1056 3303 1093 3336 me
1105 3289 1244 3351 conpositis
1256 3289 1397 3338 adstrinaeit

280 3370 368 3419 Amor.
393 3383 448 3418 non
467 3370 539 3418 enim
558 3370 768 3420 construendum
781 3385 841 3421 esse
855 3379 879 3420 te
890 3371 949 3420 miti
959 3373 1102 3422 adstrtnoeit
1118 3372 1206 3435 Amor,
1229 3372 1300 3436 quod
1312 3373 1396 3438 signi-

280 3452 364 3502 ficare
383 3453 479 3502 volunt
496 3461 521 3503 te
536 3455 595 3503 milri
611 3455 836 3516 copulavitAmor,
855 3454 904 3504 sed
922 3457 963 3504 ita
981 3457 1072 3520 potius
1090 3461 1121 3505 ut
1139 3456 1208 3520 dixi,
1228 3456 1397 3508 demonstrat

281 3553 341 3586 cum
365 3541 492 3602 receptus
513 3537 644 3602 loquendi
666 3553 732 3588 usus
754 3543 811 3588 tum
834 3555 899 3590 vero
921 3541 981 3604 ipse
1000 3537 1116 3591 Ovidius
1140 3557 1218 3606 quem
1241 3541 1336 3592 dicunt
1354 3558 1396 3608 ep.

279 3621 343 3672 XVI
361 3624 423 3672 230⁸
511 3697 568 3740 tune
580 3706 626 3756 (390
639 3691 727 3742 iurabo
741 3695 843 3758 quaevis
856 3693 900 3742 tibi
912 3695 1010 3744 nomine
1021 3710 1125 3760 meque

568 3778 767 3841 adstringam
783 3777 889 3826 verbis
905 3779 932 3826 ιἰι
949 3793 1026 3828 sacrm
1042 3780 1100 3828 iura
1116 3781 1173 3829 tuis.

280 3891 425 3940 conponere
441 3877 518 3926 verbe
536 3882 627 3928 eutem
648 3892 707 3928 esse
725 3894 839 3928 emerere
856 3879 933 3928 cerba
951 3879 1142 3945 conligendum
1162 3885 1204 3930 est
1222 3896 1254 3930 ex
1273 3886 1338 3931 met.
1356 3881 1394 3931 IX

281 3962 341 4010 521.
365 3960 460 4024 itaque
484 3977 544 4012 curn
564 3964 723 4013 necessario
747 3969 795 4012 aut
815 3964 875 4012 miti
898 3968 946 4012 ant
963 3981 979 4013 α
996 3981 1034 4014 me
1053 3969 1208 4030 corruptum
1228 3967 1264 4014 sit
1283 3981 1298 4015 s
1315 3965 1395 4016 libris

282 4044 458 4110 interpolatis
477 4047 635 4098 dubitanter
653 4049 758 4112 sumpsi
775 4050 868 4112 epimes
887 4056 952 4098 orte.
989 4051 1096 4100 tentavi
1120 4065 1241 4116 quoque:
1267 4053 1393 4100 ternodo

282 4183 477 4246 conpositis,
495 4184 519 4232 si
530 4185 591 4247 quid
602 4189 684 4232 temen
697 4185 796 4248 ιρίααιι,
817 4201 833 4233 ο
844 4200 882 4234 me
894 4200 915 4236 e.
929 4203 953 4250 q.
966 4201 988 4235 s.
1002 4143 1096 4250 (mopro
1109 4145 1151 4250 ol).

352 4280 371 4345 ¹)
390 4283 434 4366 lfa
453 4285 599 4344 emendavi
618 4285 688 4350 quod
706 4285 769 4333 libri
787 4285 923 4370 praepent
940 4302 992 4336 nec
1011 4287 1073 4336 dum
1093 4291 1154 4336 erat
1171 4290 1319 4335 tentatum:

540 4401 610 4450 quem
623 4394 648 4435 αι
661 4388 745 4436 nescio
758 4402 821 4451 quos
833 4389 898 4436 dieis
909 4388 1002 4437 labere
1013 4387 1113 4452 feces.
