3254 5158
666 442 878 506 ..47-

214 634 322 674 versus
350 613 404 674 ille
426 615 554 675 Homeri
582 615 735 675 Achillem
759 615 924 696 Cydippae
953 635 1117 697 opponens
1141 574 1329 694 Callimachi,

215 727 245 776 et
267 718 344 776 trist.
368 717 477 792 11110,
493 725 543 792 73,
569 717 705 798 denique
728 726 853 798 praeter
874 717 1116 796 fragmentorum
1137 721 1163 780 si
1185 722 1330 782 universe

213 819 331 878 iudicas
348 827 396 878 sat
410 837 555 897 magnum
570 839 729 879 numerum
745 820 933 899 epigramma
947 829 1110 896 vetustum,
1128 823 1211 902 quod
1228 842 1330 883 emen·

215 921 315 980 datius
339 941 422 980 nune
443 921 555 998 legitur
576 923 659 982 inter
681 923 827 1002 Priapeia
847 942 867 980 a
889 921 1082 983 Buechelero
1105 925 1253 984 Petronio
1276 925 1329 984 ad·

214 1021 319 1082 iuncta
341 1023 422 1083 XVI
445 1020 498 1100 (ci.
520 1023 643 1102 Meyeri
665 1025 751 1084 anth.
774 1023 828 1083 lat.
852 1025 886 1084 II
910 1021 1007 1102 loen:

366 1175 504 1245 Qualibus
525 1177 719 1248 Hippomenes
741 1180 841 1250 rapuit
862 1178 1040 1235 Schoeneida
1059 1183 1166 1251 pomis,

417 1279 550 1351 qualibus
571 1279 766 1350 Hesperidum
789 1280 890 1336 nobilis
911 1281 1014 1338 hortas
1036 1290 1116 1351 erat,

364 1381 463 1453 qualia
484 1381 619 1437 credibrie
641 1385 684 1436 est
705 1382 877 1452 spatiantem
899 1399 970 1439 rare
988 1389 1113 1456 paterna

393 1483 592 1540 -Naasicaam
611 1485 699 1554 pleno
721 1499 808 1555 saepe
831 1486 928 1541 tulisse
949 1487 1031 1552 sina,

366 1587 451 1657 quale
471 1583 532 1656 fait
553 1586 659 1640 malam
682 1587 759 1658 qaod
779 1588 876 1642 littera
893 1589 995 1658 pinarii
1015 1587 1161 1651 Aconti,

411 1705 473 1758 aaa
495 1689 568 1743 lecta
591 1667 694 1758 capide
714 1693 804 1758 pacta
822 1689 923 1759 paeila
944 1691 1004 1746 viro
1026 1695 1085 1745 esi:

363 1791 434 1846 talia
456 1806 534 1845 nanc
552 1805 671 1860 pauper
693 1791 822 1846 dominas
843 1793 973 1862 florentis
995 1792 1081 1862 apelli

413 1894 546 1963 imposuit
568 1907 698 1960 mersae,
721 1895 797 1949 nude
818 1893 944 1964 Priape,
968 1898 1043 1950 tuae.

213 2063 248 2100 ac
271 2044 297 2102 si
320 2043 390 2122 ipsa
417 2051 572 2103 uteremur
600 2043 701 2121 elegia
729 2044 909 2122 superstite,
940 2063 1056 2104 summo
1087 2064 1182 2123 opere
1205 2046 1328 2106 mirare-

211 2165 277 2203 mur
299 2145 446 2218 fortasse‚
471 2154 545 2225 quot
567 2145 641 2204 inde
664 2145 780 2204 lumina
802 2146 941 2205 amatorii
957 2146 1146 2226 potissimum
1168 2149 1327 2223 sermonis,

188 2254 287 2327 *quot
315 2247 487 2306 sententias
519 2246 725 2324 elegantiores
755 2267 791 2304 ac
819 2247 904 2307 locos
928 2267 1102 2308 communes
1126 2257 1239 2328 poetae
1264 2270 1330 2310 cum

213 2349 325 2409 Graeci
353 2358 416 2408 tum
437 2349 543 2408 Latini
572 2349 800 2430 scriptoresque
824 2349 1011 2410 Graecorum
1041 2351 1147 2410 erotiei
1169 2352 1326 2431 petierint.
1406 2384 1414 2390 -

213 2451 315 2530 quode
337 2451 493 2531 hodieque
521 2452 727 2510 coniecturam
756 2451 859 2510 facere
880 2451 954 2512 licet
977 2473 994 2512 e
1016 2453 1156 2531 vestigiis
1179 2473 1329 2534 perquam

211 2552 350 2612 exilibus.

295 2653 461 2732 Quodnam
488 2655 581 2739 igitur
608 2655 806 2715 Artemisium
834 2656 1024 2733 intellegitur
1046 2657 1084 2715 ab
1106 2657 1329 2718 Aristaeneto?

209 2757 291 2816 bene
319 2758 414 2816 multa
446 2759 529 2816 enim
563 2758 692 2816 extitere
720 2757 895 2815 Artemisia.
934 2777 1013 2837 quae
1041 2760 1123 2816 inter
1151 2779 1244 2817 unum
1272 2759 1330 2819 fuit

209 2858 333 2918 Dianae
356 2858 540 2938 templum
561 2859 765 2918 Deliacum
789 2857 827 2916 ab
843 2859 1002 2917 Herodoto
1018 2868 1217 2918 memoratum
1232 2861 1277 2920 IV
1294 2870 1328 2923 34

212 2969 242 3019 et
264 2969 311 3034 35,
335 2959 421 3020 unde
442 2961 582 3019 hausisse
606 2960 728 3020 videtui
745 2959 889 3020 Olemens
904 2959 996 3019 Alex.
1019 2968 1114 3039 protr.
1130 2962 1230 3023 11145
1247 2983 1277 3040 p.
1294 2969 1328 3024 39

209 3062 290 3120 Pott.
321 3070 414 3142 atque
442 3063 502 3122 hoc
527 3063 629 3142 ipsum
656 3062 855 3122 Artemisium
884 3061 922 3120 ab
951 3062 1149 3121 Aristaeneto
1186 3061 1327 3122 denotari

211 3161 341 3222 Ovidius
370 3184 461 3244 quem
491 3165 596 3223 dieunt
620 3165 710 3224 docet
733 3185 789 3224 nos
818 3163 998 3243 planissime
1022 3184 1071 3244 ep.
1095 3165 1179 3224 XXI
1201 3173 1234 3228 65
1257 3185 1325 3244 sqq.

209 3272 240 3323 at
263 3285 325 3324 nec
342 3265 493 3325 Acontius
516 3285 574 3325 nec
597 3265 745 3346 Oydippa
766 3265 948 3325 habitabant
969 3267 1051 3326 Deli.
1095 3285 1229 3346 namque
1251 3266 1328 3325 haec

209 3367 263 3426 ille
286 3367 390 3427 scribit
413 3388 462 3448 ep.
485 3369 551 3428 XX
573 3376 623 3430 221
647 3388 718 3447 sqq.

360 3524 455 3580 insula
480 3523 630 3579 Carthaeis
652 3525 795 3595 quondam
818 3523 1005 3580 celeberrima
1027 3525 1161 3596 nymphis

411 3627 536 3698 cinpitar
559 3625 671 3698 Aepaeo
692 3628 803 3682 nomiae
827 3626 894 3682 Oea
916 3627 1002 3681 mari.

359 3727 410 3783 ilia
432 3727 501 3782 mihi
517 3731 657 3799 patriast.
703 3743 768 3794 aec,
792 3729 818 3783 si
835 3742 977 3800 qenerosa
994 3727 1128 3799 probatis

411 3831 541 3892 aomina,
564 3830 704 3900 despectis
725 3845 835 3900 arpaor
857 3834 938 3885 ortas
960 3833 1030 3885 aris.

359 3936 426 3986 sant
448 3937 476 3987 et
497 3946 566 4003 opes
587 3932 681 3998 nohis,
704 3936 772 3988 sari
793 3936 821 3986 ei
842 3931 903 3986 sine
925 3931 1045 3986 erimine
1067 3945 1176 4000 mores,

411 4034 536 4104 amplias
558 4039 645 4106 atque
667 4033 750 4098 nihii,
774 4047 819 4087 me
841 4033 891 4088 tibi
911 4033 1002 4104 ianpii
1025 4049 1114 4090 amor.

295 4180 461 4262 Cydippae
478 4203 557 4263 quae
574 4170 803 4263 fuerit'⁸patria,
827 4203 892 4242 non
914 4183 958 4243 ita
980 4193 1088 4264 aperte
1110 4183 1272 4256 indicatur,
1294 4191 1326 4242 at

209 4290 292 4341 certa
314 4292 418 4363 potest
439 4285 677 4345 ratiocinatione
701 4285 866 4345 enucleari.
905 4305 1004 4365 eaque
1025 4285 1108 4345 haud
1130 4285 1219 4343 latuit
1238 4285 1314 4342 Butt

207 4386 314 4443 manni
337 4387 536 4463 sagacitatem
559 4387 579 4445 l.
603 4405 628 4446 c.
651 4408 681 4466 p.
706 4395 755 4447 118
776 4407 824 4466 sq.
847 4388 891 4447 ita
915 4386 1115 4466 disputantis:
