3254 5158
685 449 897 513 -63-

233 644 289 684 nus
304 625 399 684 Dion.
417 625 482 685 VII
498 633 563 684 110:
586 611 679 696 οοφδς
694 609 905 692 αὐτοδίδακτος
918 613 1023 700 Ἔρως.
1047 624 1181 684 incertus
1199 625 1348 703 epigram·

232 728 376 785 matarius
393 725 476 805 apud
492 725 605 784 Athen.
621 725 707 784 XIII
722 744 754 803 p.
770 722 865 787 609d:
889 714 1232 803 ποικιλομήχαν’Ἕρως.
1257 734 1287 784 et
1301 741 1350 783 σο-

236 820 342 899 φιστάς
365 827 476 887 dicitur
498 827 594 886 Amor
617 847 635 884 a
657 826 815 902 Meleagro
839 845 961 906 quoque
985 826 1070 885 anth.
1093 827 1129 884 P.
1153 827 1217 887 VII
1239 835 1299 899 421,
1322 836 1348 889 7.

234 949 272 987 ex
295 927 520 1008 antiquioribus
535 928 647 987 similia
661 927 855 987 Aristarchus
878 929 910 985 in
926 928 1047 987 Naucki
1062 927 1142 1006 frgg.
1158 936 1235 1004 trag.
1251 947 1282 1006 p.
1300 935 1351 990 564

237 1037 268 1088 et
289 1029 533 1089 Anaxandrides
556 1030 588 1087 in
611 1029 753 1088 Meineki
776 1029 854 1106 frgg.
879 1049 954 1088 com.
978 1030 1030 1088 III
1053 1037 1111 1091 199.

320 1131 430 1210 Itaque
455 1128 593 1210 Cupido,
618 1131 671 1210 qui
693 1140 727 1188 ut
749 1131 793 1188 ait
814 1129 955 1189 Tibullus
978 1131 995 1188 I
1015 1137 1042 1204 8,
1065 1139 1100 1192 56
1121 1135 1182 1202 r'pse
1204 1134 1281 1188 dedit
1301 1149 1350 1188 cu-

228 1236 308 1304 pidis
334 1233 475 1306 fallere
499 1249 606 1306 posse
634 1237 718 1302 deus,
751 1241 781 1292 et
810 1231 849 1290 de
879 1251 938 1311 quo
963 1233 1105 1290 Musaeus
1139 1230 1177 1290 de
1200 1231 1275 1290 Her.
1298 1240 1350 1293 200

233 1322 321 1402 αὐτὸς
350 1319 366 1390 ὃ
394 1325 593 1409 πανδαμάτωρ
621 1326 823 1412 βουληφόρος,
851 1333 985 1392 Acontio
1014 1332 1162 1392 famosum
1189 1332 1275 1391 illum
1302 1333 1348 1390 in-

142 1485 143 1488 ,
233 1434 362 1512 spiravit
391 1435 506 1508 dolum,
542 1444 575 1494 ut
601 1437 714 1495 malum
744 1433 922 1514 Cydonium
950 1435 993 1493 ita
1019 1434 1199 1513 inscriptum
1226 1423 1267 1509 μδ
1295 1423 1349 1509 τὴν

224 1525 364 1614 ’Ἄρτεμιν
400 1523 543 1616 Ἀκοντίςο
580 1535 731 1613 γαμοῦμαι
766 1535 800 1594 in
832 1536 979 1613 templum
1012 1515 1169 1614 proiceret¹
1198 1553 1297 1614 eaque
1330 1554 1348 1592 a

234 1636 381 1717 Cydippe
408 1640 488 1697 lecta
518 1638 647 1697 formula
674 1636 843 1716 sponsione
876 1636 961 1694 illam
991 1643 1186 1695 sacrosancta
1219 1635 1348 1695 obstrin-

233 1748 329 1816 geret.
375 1738 513 1818 decerpit
538 1732 666 1818 ¹pomum
693 1758 710 1797 e
738 1738 906 1797 Veneris
934 1737 1056 1796 horte.
1101 1758 1164 1796 non
1191 1736 1347 1815 prodigio-

233 1860 299 1898 sum
326 1841 412 1899 illum
440 1841 563 1900 hortum
590 1841 723 1900 Veneris
758 1839 906 1915 intellege
941 1839 1024 1898 cuius
1059 1839 1248 1898 mentionem
1275 1838 1349 1897 facit

232 1941 387 2000 Himerius
412 1953 483 2002 orl
508 1940 651 2018 §19ch
679 1949 773 2020 poeta
794 1941 928 1999 incertus
950 1940 983 1998 in
1006 1940 1122 1999 anthol.
1146 1941 1214 1998 Lat.
1237 1940 1348 1998 Meieri

233 2043 267 2101 II
299 2051 380 2119 1022,
417 2051 450 2101 ut
479 2051 647 2102 ceterorum
676 2061 799 2121 quoque
829 2041 955 2101 deorum
987 2041 1068 2101 horti
1102 2041 1234 2101 fabulosi
1269 2061 1346 2098 com-

232 2153 438 2204 memorantur
447 2140 487 2222 ¹),
518 2144 574 2204 sed
603 2164 708 2222 agrum
737 2143 816 2203 deae
845 2163 878 2202 re
905 2162 980 2202 vera
1001 2143 1075 2202 Deli
1097 2151 1262 2216 sacratum,
1296 2143 1349 2221 qui

119 2264 124 2272 ·
233 2243 273 2303 ad
301 2247 401 2325 ipsum
428 2246 560 2306 Veneris
596 2246 743 2325 templum
771 2245 936 2304 Artemisio
970 2253 1044 2324 puto
1072 2246 1206 2303 vicinum
1219 2240 1244 2321 ²)
1273 2245 1347 2303 situs

233 2347 334 2406 fuerit.
379 2349 422 2406 ita
458 2349 516 2406 Ion
554 2346 636 2426 apud
672 2346 855 2426 Euripidem
886 2354 937 2409 116
973 2347 1093 2404 laureas
1129 2346 1257 2405 frondes
1294 2337 1349 2418 κη’-

233 2467 298 2505 αων
320 2436 349 2520 ἐξ
371 2437 534 2506 ἀθανάτων
557 2449 669 2527 petitas
693 2449 762 2508 fert.
808 2449 990 2520 aemulum,
1021 2466 1088 2505 cum
1110 2447 1242 2507 Veneris
1266 2454 1349 2506 esset

234 2570 335 2624 sacra,
364 2559 398 2609 ut
425 2552 528 2610 laurus
551 2550 721 2629 Apollinis,
752 2549 835 2609 haud
864 2569 932 2608 raro
964 2548 1042 2608 deae
1071 2549 1194 2628 templis
1218 2548 1349 2607 adsitam

235 2671 302 2711 esse
326 2651 473 2711 credibile
498 2659 554 2710 est.
591 2668 650 2709 nec
671 2652 779 2710 mirum
800 2669 890 2722 vero,
913 2650 1002 2708 huius
1026 2649 1142 2708 arboris
1164 2650 1263 2729 pomis
1287 2650 1349 2707 vim

235 2753 365 2812 infuisse
396 2753 533 2811 divinam
562 2760 592 2810 et
622 2751 663 2810 ad
692 2750 938 2810 subveniendum
960 2751 1074 2809 amanti
1099 2750 1347 2809 efficacissimam.

235 2855 278 2911 ita
300 2855 403 2912 felicia
426 2873 548 2934 quoque
571 2853 626 2912 illa
647 2873 738 2931 poma
764 2852 955 2931 Hippomeni
984 2873 1002 2910 a
1024 2853 1149 2912 Venere
1171 2851 1284 2910 tradita
1307 2851 1348 2908 ad

236 2973 340 3032 agrum
364 2955 441 3016 deae
458 2953 556 3034 Cypri
579 2949 761 3030 sacratum3)
785 2955 968 3027 referuntur,
992 2955 1052 3013 nisi
1075 2953 1158 3033 quod
1181 2952 1348 3011 fabulosius

238 3055 418 3115 describitur
440 3057 478 3116 ab
503 3055 616 3116 Ovidio
639 3064 711 3114 met.
735 3055 767 3116 X
788 3063 840 3118 644
862 3075 931 3135 sqq.
1023 3079 1025 3084 ’

385 3184 427 3233 est
449 3192 533 3250 aper,
557 3179 708 3250 indipenae
733 3177 903 3233 Tamuseum
926 3179 1038 3232 nomr‘ne
1061 3178 1174 3243 dicunt,

385 3279 496 3334 telluris
520 3278 642 3352 Cypriae
662 3295 737 3351 pars
759 3281 880 3351 optr'ma,
904 3295 990 3350 quam
1012 3278 1082 3333 mihi
1098 3280 1194 3350 prisci

234 3394 435 3406 *—

208 3503 210 3512 .
301 3460 322 3524 ¹)
341 3461 449 3511 Oceani
467 3461 537 3510 dicit
554 3461 648 3511 hortos
659 3462 860 3527 Aristophanes
878 3461 942 3510 nub.
956 3463 1014 3519 271,
1033 3461 1107 3511 Iovis
1119 3461 1255 3509 Pindarus
1267 3459 1348 3523 Pyth.

234 3547 324 3596 Ixos
352 3549 380 3595 et
406 3545 555 3610 Sophocles
583 3546 635 3612 frg.
655 3549 705 3598 297
727 3547 811 3609 Nch,
840 3546 983 3596 Charitum
1011 3538 1221 3598 PIndarus‘Ol.
1245 3545 1284 3593 IX
1307 3546 1349 3608 27,

235 3631 347 3680 Nonnus
366 3631 448 3679 Dion.
467 3632 556 3680 XXXI
576 3632 625 3681 204
644 3647 701 3696 sqq.
728 3635 756 3680 et
777 3631 898 3680 XXXIII
916 3631 932 3679 4
951 3645 1023 3694 sqq,
1045 3629 1230 3694 Nympharum
1249 3629 1350 3691 Ibycus

235 3713 287 3778 frg.
308 3717 330 3776 1,
351 3713 488 3766 Chloridis
506 3715 642 3780 nymphae
661 3715 777 3766 Ovidius
795 3715 860 3764 fest.
879 3715 903 3764 V
921 3715 984 3776 253,
1008 3713 1120 3763 Iunonis
1138 3717 1246 3777 pratum
1266 3712 1349 3762 Calli-

235 3799 348 3848 machus
371 3801 400 3848 in
418 3801 501 3853 Dian.
521 3801 577 3850 165.
606 3801 691 3849 etiam
713 3798 897 3864 Hesperidum
921 3798 1016 3848 hortus
1040 3798 1148 3847 deorum
1167 3798 1212 3848 vel
1236 3797 1350 3847 Iunonis

165 3881 167 3888 ’
235 3881 327 3948 κῆπος
344 3888 526 3950 nuncupetur.

302 3966 323 4031 ²)
343 3967 426 4020 Certe
444 3970 497 4020 hoo
516 3985 549 4019 ex
567 3970 630 4035 ipsa
648 3970 808 4020 narratione
826 3968 1004 4034 conlegerim.
1039 3969 1068 4016 in
1086 3967 1182 4017 eodem
1199 3983 1264 4018 vero
1282 3972 1349 4017 tem-

236 4051 280 4116 plo
300 4052 483 4104 clarissimum
500 4054 617 4104 Veneris
636 4053 820 4118 simulacrum,
841 4053 911 4117 quod
929 4052 1104 4102 venerandae
1124 4057 1184 4102 erat
1201 4052 1350 4103 vetustatis

235 4135 282 4200 (cf.
302 4137 412 4190 Callim.
431 4138 461 4187 in
477 4137 540 4188 Del.
562 4140 611 4188 307
629 4153 686 4202 sqq.
704 4137 777 4191 Plut.
799 4138 882 4188 Thes.
902 4154 926 4187 ο.
947 4135 1005 4202 21),
1028 4138 1147 4202 positum
1170 4137 1256 4188 fuisse
1274 4137 1350 4188 vide-

235 4226 288 4284 tur,
308 4238 405 4287 parurn
424 4225 455 4271 ut
472 4209 644 4286 probabilem
663 4223 762 4272 ducam
779 4223 904 4273 Meinelri
922 4224 1107 4272 coniecturam
1122 4221 1230 4270 Callim.
1246 4222 1275 4270 in
1288 4218 1349 4271 Del.

235 4308 284 4356 308
302 4305 453 4370 Κύπριδος
471 4299 595 4370 οἶκραίης
614 4306 787 4358 scribendum
807 4322 877 4359 esse.

302 4389 323 4454 ³)
344 4390 387 4442 cf.
407 4390 554 4441 Claudiani
573 4390 688 4456 epithal.
706 4391 739 4440 49
758 4407 815 4456 sqq.
