3254 5158
728 405 940 469 „54-

490 590 643 642 comuntur
665 588 781 639 nostrae
804 587 896 638 matre
918 581 1029 637 iubente
1052 595 1164 644 comae,

412 751 413 756 ἵ
438 689 503 759 ipsu
525 689 603 744 dedit
622 699 748 758 perurunt
770 685 863 756 dipitis
885 689 912 739 et
934 683 1062 740 crinibus
1085 700 1205 750 aurunt,

490 797 518 844 et
540 794 631 846 uestes
652 788 780 844 humeris
802 787 893 842 induit
915 787 978 856 ipsu
1002 786 1079 840 meis.

274 924 391 984 seilicet
406 943 462 1002 per
478 922 534 982 hos
550 922 646 982 festos
664 921 778 980 diesin
794 927 881 979 tanta
901 918 1058 978 hominum
1074 917 1198 996 publica
1214 918 1394 997 frequentia

273 1035 307 1085 ut
328 1025 466 1102 virgines
489 1022 661 1082 visentibus
684 1022 890 1102 probarentur
912 1041 979 1079 oum
1001 1019 1039 1078 ab
1062 1021 1138 1098 ipsis
1161 1028 1225 1078 tum
1247 1040 1265 1078 a
1287 1021 1388 1079 matri·

273 1109 329 1169 bus
352 1109 461 1168 sedula
483 1127 557 1168 cura
579 1117 672 1187 atque
696 1108 847 1186 exquisito
872 1107 954 1165 cultu
976 1103 1231 1184 prospiciebatur.
1271 1106 1393 1184 qualem

273 1219 401 1270 matrem
423 1210 461 1268 ab
484 1208 694 1288 Aristophane
715 1209 851 1268 Acheru.
868 1215 918 1270 utu
934 1227 1002 1287 sqq.
1026 1207 1138 1266 festive
1162 1206 1295 1266 describi
1319 1227 1390 1266 con·

273 1321 343 1372 stat.
388 1301 448 1370 iam
476 1312 579 1370 statim
608 1329 752 1388 egressae
780 1313 895 1382 superis
917 1297 1019 1383 quibus
1045 1312 1140 1367 insutu
1169 1318 1299 1382 terrast,
1332 1309 1387 1367 sci·

272 1415 345 1473 licet
367 1409 540 1492 Apollini¹)
570 1413 694 1470 Dianae
715 1406 901 1486 Latonae2),
926 1419 994 1469 tura
1015 1411 1183 1489 vinumque
1205 1411 1239 1469 in
1262 1411 1392 1490 singulis

196 1558 201 1567 .
275 1513 415 1574 nimirum
437 1514 561 1592 templis
585 1513 755 1575 salutantes
778 1532 841 1571 una
862 1511 1031 1590 polluoent.
1067 1512 1216 1590 deinceps
1240 1511 1311 1570 dum
1335 1512 1392 1571 eis·

274 1617 344 1675 dem
359 1616 497 1684 victimas
513 1616 634 1674 votivas
655 1623 753 1674 mater
776 1622 860 1673 curat
882 1612 1084 1673 immolandas
1102 1611 1249 1692 Cydippe
1271 1614 1390 1672 nutrice

275 1717 407 1777 ducente
423 1718 496 1776 visit
519 1721 591 1774 nlius
614 1734 726 1791 quoque
748 1719 834 1774 aedes
857 1723 1022 1794 ceteraque
1045 1735 1124 1794 quac
1139 1714 1235 1774 Delos
1258 1713 1392 1774 hahebat

271 1821 433 1897 magnifica
456 1827 487 1876 et
509 1818 670 1877 mirabilia.
703 1827 795 1897 atque
817 1817 896 1876 haec
920 1816 1044 1896 quidem
1060 1835 1078 1874 a
1094 1815 1282 1875 Callimacho
1300 1815 1392 1875 docta

273 1921 467 1980 enarratione
496 1928 570 1998 puto
600 1920 749 1999 pleraque
779 1938 848 1978 esse
877 1937 1031 1996 percursa.
1074 1919 1226 1996 porticus,
1263 1902 1391 1976 munera

270 2042 392 2100 regum,
423 2023 580 2099 signorum
606 2020 848 2093 multitudinem,
878 2018 1034 2098 Apollinis
1064 2024 1223 2078 innumeris
1250 2028 1390 2077 structum

271 2129 305 2183 de
328 2127 462 2182 cornibus
485 2143 583 2188 erum,
605 2124 747 2183 Latonae
769 2122 887 2180 laurum
909 2128 1003 2199 poeta
1026 2123 1126 2200 tangit
1147 2121 1288 2181 Latinus.
1297 2116 1323 2198 ³)
1355 2142 1390 2179 ac

272 2225 311 2284 de
329 2224 525 2284 donariorum
533 2221 560 2301 ⁴)
576 2233 804 2304 statuarumque
820 2223 1049 2300 magnificentia
1060 2222 1168 2302 quibus
1185 2223 1304 2282 affluxit
1320 2224 1391 2282 olim

272 2325 370 2385 Delus
394 2334 469 2384 nota
492 2327 601 2400 omnia,
627 2325 880 2404 amplissimorum
903 2325 1073 2404 porticuum
1096 2333 1220 2403 praeter
1241 2325 1390 2404 Philippi·

339 2561 358 2624 ¹)
377 2560 514 2628 Apollinis
534 2561 742 2611 celeberrimum
762 2559 892 2626 templum
911 2559 1058 2610 Deliacum
1081 2576 1166 2626 prope
1186 2577 1202 2610 a
1220 2567 1300 2628 portu
1318 2563 1388 2628 posi-

269 2651 325 2697 tum
345 2651 417 2705 erat,
441 2647 568 2710 inquom
588 2645 713 2711 Cydippe
737 2660 797 2696 cum
816 2645 873 2696 suis
891 2645 1004 2695 invecta
1024 2648 1091 2694 erat.
1120 2660 1145 2694 v.
1167 2651 1325 2696 accuratam
1344 2647 1389 2697 de-

269 2732 449 2809 lineationem
482 2729 590 2780 insulae
623 2747 693 2796 quae
723 2737 765 2780 est
792 2732 821 2779 in
850 2729 954 2780 Stuarti
981 2729 1148 2796 Revcttique
1177 2731 1390 2797 antiquitatibus

268 2816 438 2868 Athenarum
456 2817 499 2867 III
518 2815 567 2866 ch.
586 2817 611 2865 X
630 2814 671 2868 Pl.
684 2815 737 2877 VI,
756 2815 802 2865 vel
819 2816 857 2865 sis
876 2813 959 2879 Sponi
972 2813 1151 2880 Whelerique
1172 2820 1200 2866 et
1212 2816 1389 2867 Tourneforti

268 2903 421 2964 itineraria,
441 2901 489 2951 ubi
502 2900 584 2950 etiam
598 2915 668 2964 quae
680 2899 745 2950 Deli
758 2903 903 2964 supersunt
915 2898 958 2948 vel
973 2901 1063 2962 potins
1077 2905 1240 2965 supererant
1253 2903 1320 2951 artis
1333 2917 1388 2952 mo-

268 2991 458 3037 numentorum
476 2985 576 3035 rudera
594 2988 810 3050 pertractantur.

338 3069 359 3135 ²)
382 3072 510 3121 Latonae
536 3084 645 3119 sacrum
670 3067 809 3133 (Λητῷον)
833 3068 994 3131 Deliacum,
1023 3084 1076 3133 quo
1104 3071 1298 3121 continebatur
1321 3072 1390 3122 deae

271 3156 394 3222 ligneum
418 3154 595 3204 simulacrum
620 3153 839 3218 antiquissimum
864 3153 912 3214 (cf.
936 3152 1037 3202 Athen.
1056 3154 1120 3204 XIV
1139 3171 1166 3219 p.
1184 3157 1234 3204 614
1246 3156 1289 3218 b),
1313 3157 1389 3206 iuxta

271 3241 410 3306 Apollinis
429 3239 559 3304 templum
579 3239 661 3288 situm
680 3237 765 3288 fuisse
783 3237 901 3287 videtur.
927 3237 964 3287 ef.
985 3236 1074 3288 Strab.
1094 3239 1119 3288 X
1137 3256 1163 3304 p.
1181 3241 1240 3292 485.
1271 3257 1323 3290 nec
1342 3241 1387 3291 du

268 3325 337 3388 bito,
357 3325 422 3388 quin
441 3325 496 3373 tria
514 3322 565 3372 illa
584 3321 688 3387 templa
707 3321 760 3371 sibi
779 3321 872 3372 vicina
891 3321 1001 3371 luerint.
1027 3321 1055 3370 id
1074 3323 1145 3387 quod
1163 3324 1286 3389 seqnitur
1305 3325 1388 3375 etiam

269 3425 302 3460 ex
320 3408 457 3458 Herodoti
480 3408 573 3457 verbis
591 3407 629 3457 IV
648 3408 693 3456 34:
730 3399 761 3455 τὸ
789 3399 821 3456 ot
846 3397 923 3472 σῆμά
947 3397 1023 3456 ἐστιν
1048 3399 1100 3456 tau
1123 3399 1152 3465 ἐς
1170 3399 1202 3456 τὸ
1218 3399 1388 3474 Ἀρτεμίσιον

268 3483 373 3543 ἐσιόντι
391 3481 542 3557 sictonensis
560 3483 663 3557 χειρός,
683 3481 843 3555 ἐπιπέφυκε
862 3484 895 3540 δέ
914 3483 940 3540 ui
957 3482 1048 3556 ἐλαίη.
1078 3507 1142 3542 nam
1161 3490 1224 3542 olea
1241 3493 1291 3543 illa
1307 3494 1387 3544 simul

268 3592 329 3628 cum
352 3577 430 3628 lauro
454 3577 581 3627 Latonae
607 3577 642 3627 ad
667 3591 742 3625 aram
768 3575 802 3626 ab
827 3574 954 3640 Apolline
980 3575 1107 3627 cornibus
1126 3581 1278 3628 extructam
1296 3580 1387 3644 posita

268 3666 329 3713 erat
347 3662 394 3724 (cf.
413 3661 621 3712 Boettioherum
638 3660 819 3711 Baumhultus
837 3677 863 3726 p.
883 3661 940 3724 30),
965 3676 1080 3726 eamque
1099 3677 1175 3712 aram
1194 3663 1279 3713 luisse
1296 3652 1386 3714 Ἀπόλ-

266 3747 356 3804 turer
373 3739 451 3810 παρὰ
472 3745 531 3812 ναῷ
550 3750 669 3796 testatur
686 3745 853 3795 Plutarchus
872 3745 905 3794 dc
924 3745 984 3796 soll.
1005 3745 1117 3796 animal.
1136 3748 1178 3798 35.

332 3829 354 3896 ⁸)
374 3831 424 3881 Ov.
438 3837 501 3883 met.
515 3832 582 3882 XIII
596 3833 646 3882 635
664 3831 750 3880 Anius
769 3829 898 3880 sacerdos
917 3829 982 3879 Deli
1000 3845 1048 3879 rex
1066 3829 1176 3881 Aeneas
1195 3847 1274 3896 quem
1292 3832 1384 3898 hospi·

266 3915 303 3966 tio
321 3917 428 3982 recepit
993 3929 996 3936 ·

502 4001 636 4066 urbemque
655 4001 766 4050 ostendit
784 4000 939 4065 delubraque
957 4006 1018 4049 notu
1036 4000 1148 4065 duasque

505 4086 609 4135 Latona
627 4088 753 4151 quondum
770 4087 866 4149 stirpes
881 4089 1003 4149 periente
1021 4091 1145 4137 retentas.

333 4185 354 4249 ⁴)
373 4186 503 4254 Apprime
521 4186 575 4236 huo
595 4185 698 4236 eadunt
714 4186 885 4236 Boettiohori
898 4186 985 4236 verba
1003 4185 1092 4237 haece
1110 4187 1206 4253 philol.
1221 4188 1285 4238 XIX
1297 4204 1323 4253 p.
1336 4189 1383 4237 42:

264 4274 413 4324 Historisrb
436 4271 634 4336 mertwuerdiye
652 4271 852 4329 Beutestueclce‚
876 4273 940 4321 oder
958 4273 1079 4322 eminente
1106 4272 1251 4323 deserente
1268 4271 1384 4324 toennen

264 4358 329 4408 wott
345 4374 379 4408 un
399 4356 586 4420 Gedentfesten
604 4357 657 4406 und
672 4357 831 4421 Paneppreis
847 4355 946 4419 peteipt
963 4359 1016 4407 und
1031 4358 1196 4422 norpefuetrt
1212 4359 1316 4409 werden
1328 4383 1369 4406 -.
