3284 5158
750 359 961 424 -84..

298 555 371 596 vero
394 533 428 594 id
451 533 608 614 substituit
629 534 696 608 ille,
728 532 812 614 quod
840 533 993 593 consimili
1020 552 1104 592 nexu
1132 532 1215 612 apud
1244 531 1416 592 fabularum

296 639 463 717 scriptores
491 635 595 696 dicere
624 644 763 696 amantes
791 635 938 695 memoria
964 634 1105 694 referret.
1134 633 1272 694 Achilles
1295 636 1365 693 Tat.
1387 636 1417 694 V

296 747 345 813 25,
380 748 397 800 2
426 718 448 797 ci
477 726 620 818 δυστυχὴς
642 733 712 816 ἐγώ,
742 737 923 817 Xenophon
952 736 1033 815 Eph.
1058 737 1088 797 V
1115 747 1162 810 10,
1199 744 1218 798 8
1251 718 1274 794 ὦ
1307 728 1415 808 πάντα,

298 835 408 918 ἔλεγεν,
432 829 491 918 s'yoi
515 831 676 916 δυστυχής,
698 840 756 914 Il,
781 849 796 900 l
818 838 848 898 τί
868 834 1008 898 πέπονθα
1030 827 1045 896 ὁ
1070 829 1223 914 δυστυχής,
1246 837 1318 897 cf.I
1339 845 1414 911 ue,

225 973 228 978 ·
296 941 424 1002 Heliod.
447 943 482 1002 Π
506 949 530 1001 1.

380 1061 438 1120 His
454 1061 547 1138 igitur
560 1061 725 1141 perpensis
749 1079 785 1118 eo
802 1059 946 1134 adducor,
970 1067 1004 1118 ut
1025 1067 1109 1118 recte
1125 1058 1240 1119 habere
1255 1059 1315 1136 frg.
1336 1056 1415 1116 illud

297 1161 435 1237 arbitrer,
461 1163 552 1243 quale
575 1184 593 1222 a
615 1163 780 1222 scholiasta
794 1161 966 1241 praebitum
989 1162 1216 1240 suprascripsi.
1249 1181 1308 1220 nec
1321 1160 1416 1219 ullam

296 1262 389 1323 video
419 1283 572 1338 caussam,
604 1285 656 1324 cur
683 1264 859 1322 Bentleium
887 1270 1055 1343 sequentes
1077 1263 1307 1342 Bergkiumque
1330 1262 1414 1320 anth.

297 1366 355 1446 lyr.
377 1387 409 1445 p.
426 1374 476 1429 126
499 1367 636 1445 legamus
660 1368 777 1442 φορεῖτε
799 1384 855 1450 pro
880 1384 916 1424 eo
940 1363 1024 1444 quod
1041 1363 1197 1444 proditum
1219 1373 1266 1424 est
1287 1359 1414 1441 φέροιτο.

380 1485 486 1562 Pergit
507 1485 676 1544 Acontius:
700 1480 852 1557 Κυδίππη,
875 1473 970 1568 ποίην
992 1499 1024 1539 σε
1046 1478 1096 1540 καὶ
1120 1473 1244 1560 εὔορκον
1266 1481 1415 1558 προσείπω

291 1579 380 1663 ταχύ,
404 1606 495 1666 quam
519 1586 645 1658 dicendi
667 1587 794 1664 liguram
809 1585 913 1644 rhetor
928 1585 1001 1644 hinc
1022 1583 1146 1644 videtur
1167 1586 1360 1644 transtulisse
1382 1586 1414 1642 in

294 1688 329 1748 H
351 1673 420 1766 ip.
445 1697 510 1750 134:
542 1677 607 1745 ἄλλ’
637 1685 704 1745 εἴθε
726 1680 798 1762 μετὰ
825 1686 877 1760 τῆς
904 1674 1081 1763 εὐπρεπείας
1095 1681 1292 1762 ’ἕπαιοὲσομαί
1311 1703 1341 1743 σε
1363 1684 1415 1759 της

280 1784 363 1866 περὶ
380 1783 430 1864 ἐμὲ
445 1786 628 1864 προθυμίας.
659 1809 695 1847 ea
712 1789 794 1848 enini
809 1788 967 1848 sententia
982 1786 1185 1849 Callimachus
1200 1789 1414 1848 transitionem

296 1891 370 1949 fecit
392 1890 433 1949 ad
461 1891 585 1949 timores
607 1887 735 1964 Aconti,
768 1910 844 1969 quos
872 1890 922 1948 hic
950 1889 1011 1947 iam
1040 1890 1213 1950 elocuturus
1242 1898 1297 1950 est.
1342 1909 1414 1947 uam

295 2001 378 2059 metu
401 1992 531 2070 angitur,
556 2010 597 2050 ne
619 1992 737 2065 Diana,
763 1992 878 2071 quain
901 1990 1062 2070 puniendo
1088 2011 1156 2051 esse
1179 1992 1278 2050 soleat
1299 1989 1412 2049 severi-

294 2102 374 2166 tate,
410 2090 587 2176 Oydippam
615 2093 749 2170 graviter
776 2094 877 2151 ultura
904 2094 956 2166 sit,
992 2093 1118 2173 quando
1147 2092 1271 2172 periura
1298 2093 1353 2151 illa
1374 2093 1414 2152 sit

295 2193 407 2252 futura.
457 2193 515 2252 sibi
541 2195 610 2273 ipse
640 2194 758 2252 crimini
788 2195 856 2267 dat,
892 2194 975 2274 quod
1006 2203 1111 2253 auctor
1138 2194 1251 2271 virgini
1279 2195 1414 2252 extiterit

295 2293 506 2369 iurisiurandi,
535 2303 569 2354 ut
596 2295 629 2354 in
657 2315 691 2354 se
719 2303 856 2355 vertatur
883 2296 965 2355 illius
989 2289 1072 2376 quod
1100 2315 1260 2356 evasurum
1282 2296 1413 2354 fortasse

201 2454 203 2458 .
295 2398 336 2455 sit
357 2397 473 2475 periuri
494 2417 597 2476 poena
619 2417 728 2476 preces
751 2397 834 2457 facit.
880 2395 1010 2457 Ovidius
1035 2417 1084 2476 cp.
1107 2398 1173 2456 XX
1196 2405 1245 2460 127
1269 2418 1316 2477 sq.

425 2518 430 2523 ’
468 2537 497 2590 in
519 2541 605 2606 caput
626 2553 643 2590 α
665 2542 788 2592 nostrum
810 2537 937 2591 dominae
955 2539 1082 2608 periuria
1100 2523 1201 2607 quaeso

520 2639 663 2696 eveniant!
679 2653 773 2709 poena
797 2642 860 2693 tuta
883 2640 920 2692 sit
940 2639 987 2693 illa
1011 2645 1088 2692 mcc!

296 2794 327 2846 et
341 2786 424 2846 hunc
439 2786 563 2867 quidem
578 2789 679 2862 locum
693 2807 794 2847 rursus
818 2788 946 2846 frustulo
966 2787 1078 2865 exiguo
1095 2786 1322 2864 Callimacheae
1337 2787 1411 2846 artis

295 2889 368 2947 licet
390 2907 511 2948 ornare.
556 2890 621 2948 eius
645 2890 727 2948 enim
749 2889 807 2967 frg.
829 2899 881 2952 229
1413 2899 1415 2905 ’

231 3034 281 3076 xus
447 3026 526 3102 λῖρος
549 3015 615 3102 ἐγώ,
637 3023 666 3082 τί
688 3021 717 3082 δέ
739 3038 785 3083 σοι
807 3011 887 3082 τόνδ’
912 3019 1046 3100 ἐπέθηκα
1068 3019 1164 3103 φόβον

294 3177 460 3246 Pierscnus
482 3177 616 3249 verisim.
640 3198 671 3257 p.
689 3172 740 3239 100
762 3188 845 3236 recte
867 3180 1027 3238 revocavit
1050 3179 1091 3238 ad
1106 3179 1296 3239 Aristaeneti
1314 3180 1410 3238 haece

294 3277 404 3338 verba:
438 3255 629 3354 οἷὸοστυχηξ
663 3268 734 3356 ἐγώ,
766 3279 797 3336 τί
817 3276 849 3338 δέ
881 3295 926 3337 σοι
957 3281 1063 3338 τοῦτον
1090 3275 1202 3358 ἐπῆγον
1231 3270 1282 3338 τὸν
1304 3273 1410 3355 φόβον.

295 3381 334 3439 cf.
367 3380 609 3441 Valckenarium
636 3379 656 3438 l.
687 3399 712 3437 c.
746 3401 777 3460 p.
810 3389 862 3443 228
884 3403 930 3462 sq.
980 3391 1074 3462 atque
1107 3380 1321 3461 comprobatur
1353 3382 1412 3441 hoc

296 3481 449 3559 exemplo,
474 3501 565 3561 quam
587 3481 766 3558 ingeniosus
788 3483 856 3543 veri
878 3503 987 3550 sensus
1009 3484 1042 3543 in
1064 3484 1207 3544 Bentleio
1231 3484 1332 3566 fucrit,
1358 3485 1412 3565 qui

295 3583 433 3664 quamvis
455 3582 655 3662 paraphrasis
678 3591 783 3654 nostra
811 3603 879 3643 eum
901 3586 1024 3645 latuerit
1050 3585 1164 3646 reiecta
1186 3585 1316 3646 Salmasi
1339 3605 1411 3646 con-

293 3684 412 3742 iectura
440 3703 477 3743 ca
508 3703 587 3764 quae
615 3705 709 3764 supra
734 3686 878 3764 leguntur
909 3687 1012 3746 elicuit
1040 3706 1057 3746 e
1086 3696 1229 3767 corrupta
1261 3689 1412 3769 scriptura

199 3865 201 3871 y
293 3785 434 3864 Hesychi
456 3806 481 3846 s.
496 3806 526 3847 v.
551 3779 727 3867 λειριόενπαε
756 3790 837 3865 λῐρος
853 3777 910 3866 ἐγὼ
924 3785 1000 3857 elea
1016 3774 1086 3846 ὅταν
1106 3784 1138 3848 δὲ
1154 3785 1288 3867 ἐπέθηκα
1303 3782 1409 3868 φόβον.

294 3897 326 3948 at
340 3898 452 3969 poetae
467 3888 563 3949 verba
579 3891 752 3950 aBentleio
769 3889 906 3950 nondum
916 3896 1084 3970 persanata
1098 3890 1213 3951 iudicat
1223 3893 1409 3965 Meinekius,

295 3992 347 4071 qui
362 3998 393 4050 ct
407 3991 480 4050 olim
494 3991 611 4050 Ztschr.
627 3992 649 4050 f.
665 3991 704 4052 A.
721 3998 789 4056 1849
803 4013 835 4072 p.
851 4000 904 4055 416
920 4001 951 4052 et
966 4011 1066 4072 nuper
1082 3993 1172 4053 diatr.
1188 3994 1229 4054 ad
1242 3993 1362 4055 Oallim.
1377 3994 1410 4051 in

292 4093 366 4153 Del.
380 4101 415 4155 54
429 4091 520 4153 scribi
530 4092 620 4152 'iubet
634 4080 716 4150 τόνδ’
734 4088 867 4151 ἒπὲσεισα
883 4083 987 4170 φόβον.
1016 4102 1047 4153 et
1063 4095 1147 4175 quod
1164 4096 1289 4176 quidem
1304 4102 1410 4154 contra

292 4194 448 4275 proditam
469 4196 651 4275 scripturam
667 4195 742 4254 dicit
757 4191 908 4255 ἐπιθεῖναι
931 4186 1028 4273 φόβον
1048 4215 1150 4272 praece
1171 4217 1226 4255 ποπ
1248 4200 1335 4270 παρα
1357 4199 1414 4253 dici

287 4301 381 4372 potuit
394 4317 478 4372 quom
493 4301 581 4356 latine
596 4299 754 4372 ‘imponere’
766 4303 888 4356 umorem
897 4318 955 4374 pro
971 4291 1124 4374 ‘incutere’,
1141 4298 1174 4358 id
1188 4298 1288 4360 minus
1303 4316 1412 4358 verum
