3254 5158
708 395 918 463 ,68-

402 565 482 652 δῖκρα
504 570 546 633 δὲ’
559 569 681 650 χιονέοιο
704 571 872 646 φοινίσσεοο
894 560 989 631 utlaio
1011 571 1144 643 παρειῶν
1338 646 1346 661 ⁸

404 667 443 746 ὡς
465 664 555 754 ῥόδον
577 671 610 734 ἐκ
633 667 774 733 calcinum
797 664 1008 750 διδομόχροον·
1031 657 1051 747 ἦ
1071 661 1145 748 τάχα
1167 671 1274 746 φαίης,

400 767 519 856 Ἡροῦς-
532 771 564 834 ἐν
585 772 717 852 μελέεσσι
739 767 835 855 ῥόδων
857 772 987 850 λειμῶνα
1008 773 1151 849 φανῆναι.

251 915 330 974 haec
352 914 472 973 Musaei
500 933 574 972 vero
605 932 644 971 ex
671 912 778 971 Nonni
807 912 851 970 cis
880 909 1027 969 videntur
1053 908 1194 969 versibus
1225 927 1374 986 expressa

254 1035 322 1075 esse
357 1035 433 1094 quos
462 1013 651 1073 Schraderus
684 1011 835 1070 indicavit
869 1011 909 1070 ad
937 1012 1017 1070 Mus.
1049 1012 1070 1070 l.
1100 1031 1142 1085 ο,
1171 1010 1234 1070 XV
1262 1017 1314 1071 226
1343 1017 1374 1068 et

252 1117 332 1177 XVI
354 1125 388 1180 76
417 1137 463 1195 sq.
495 1115 533 1174 cf.
557 1113 670 1173 Achill.
693 1113 763 1172 Tat.
787 1114 804 1172 Ι
826 1123 874 1185 19,
903 1113 1004 1171 Nicet.
1027 1113 1149 1190 Eugen.
1172 1113 1220 1171 IV
1243 1121 1293 1173 125
1322 1110 1396 1169 ubi·

253 1238 282 1276 v.
306 1216 553 1276 Boissonadium.
583 1226 614 1274 at
635 1224 753 1288 tamen,
777 1233 884 1272 verum
906 1225 938 1272 ut
960 1213 1073 1286 fatear,
1098 1233 1214 1291 anceps
1237 1212 1372 1286 fluctuor,

252 1327 352 1377 utrum
366 1318 598 1377 Aristaenetum
620 1315 697 1375 illud
721 1325 852 1374 statuam
874 1315 978 1373 lumen
995 1334 1012 1372 e
1029 1299 1211 1374 Callimachi
1227 1314 1374 1399 Cydippe

253 1421 340 1479 simul
364 1440 431 1477 cum
445 1420 560 1478 Nonno
583 1417 778 1476 transtulisse
801 1436 842 1474 an
861 1436 882 1475 e
897 1416 1024 1474 Musaeo
1047 1415 1196 1476 adsuisse.
1228 1436 1263 1474 ac
1281 1435 1374 1495 supra

254 1520 378 1600 quidem
401 1541 468 1578 cum
491 1518 531 1577 de
553 1519 615 1578 alia
645 1519 835 1578 sententiola
856 1517 1056 1576 Aristaeneto
1079 1517 1271 1597 Musaeoque
1294 1538 1373 1577 com·

252 1622 337 1679 muni
359 1619 442 1679 idem
465 1628 678 1699 quaereretur,
704 1618 744 1677 ad
760 1620 918 1678 Musaeum
939 1617 1023 1676 illam
1045 1637 1191 1678 revocare
1211 1621 1310 1677 visum
1328 1626 1374 1678 est

253 1729 490 1801 arguente'tcto
514 1728 669 1780 contextu.
715 1731 746 1778 at
768 1721 801 1778 ln
831 1740 867 1778 eo
897 1719 963 1778 loco
995 1720 1047 1798 qui
1076 1739 1158 1778 nunc
1185 1728 1232 1778 est
1261 1740 1374 1799 propo·

254 1825 330 1882 situs
353 1823 480 1902 pronior
501 1823 567 1880 fere
586 1841 652 1880 sum
665 1823 705 1894 in
728 1821 911 1879 contrariam
926 1821 1122 1879 sententiam.
1152 1839 1285 1900 namque
1300 1821 1374 1880 insi-

253 1925 357 2000 gniter
378 1925 437 1982 iste
460 1917 607 1981 convenit
631 1932 661 1980 et
685 1921 871 1982 Callimacho
896 1929 927 1980 et
948 1941 1022 1992 'vero
1047 1922 1075 1980 ci
1097 1923 1157 2000 ipsi
1180 1922 1289 1996 nexui,
1314 1942 1373 2002 quo

253 2026 366 2103 legitur
388 2024 473 2103 apud
494 2024 736 2083 Aristaenetum.
782 2020 912 2081 Ovidius
935 2022 1000 2081 XX
1022 2030 1065 2084 97.

492 2159 583 2232 adfuit
604 2168 630 2216 et
651 2162 717 2216 cidit
739 2177 800 2215 οανι
825 2166 855 2215 ιιι
876 2161 993 2232 decepta
1016 2160 1148 2228 rubebas,

255 2302 286 2352 et
307 2294 392 2352 XXI
415 2305 462 2356 lll
487 2313 556 2374 sqq.

456 2433 564 2486 nominc
586 2434 706 2503 coniuyii
726 2432 799 2486 dicto
822 2431 942 2502 confusa
960 2433 1074 2502 pudore

498 2533 573 2586 sensi
593 2547 635 2586 me
659 2536 724 2586 totis
745 2532 887 2587 erubuisse
906 2535 997 2603 qenir',

455 2635 613 2704 luminaque
633 2635 661 2687 ιἰι
681 2636 787 2704 ριόιιιὶο
808 2633 894 2696 veluti
913 2633 1008 2704 deficta
1031 2634 1169 2702 tenebam,

498 2734 601 2790 lumina
619 2736 762 2806 proposr‘ti
780 2725 863 2815 facta
885 2736 1010 2789 minr'strc
1032 2737 1092 2790 mel.

255 2893 286 2943 et
308 2885 399 2944 simili
422 2893 505 2943 certe
528 2904 622 2943 sensu
645 2883 849 2945 Callimachus
871 2884 966 2942 utitur
986 2884 1019 2941 in
1043 2885 1103 2943 lav.
1125 2883 1203 2943 Min.
1227 2893 1259 2948 27
1284 2905 1330 2964 sq.

541 3009 574 3076 τὸ
597 3009 629 3074 ‘5⁷
653 3015 777 3096 ἔρευθος
798 3008 957 3099 ἀνέδραμε,
980 3010 1095 3097 πρώιον
1117 3016 1186 3077 οἵαν

456 3106 477 3193 ἢ
499 3115 589 3199 ῥόδον
610 3109 629 3194 ἢ
653 3119 755 3198 σίβδας
777 3113 884 3192 κόκκος
907 3117 965 3196 ἔχει
988 3121 1102 3197 χροΐαν,

254 3293 313 3332 nec
341 3275 472 3333 certiora
500 3274 616 3332 affirmo
646 3271 685 3332 de
714 3275 758 3333 eis
788 3293 866 3353 quae
894 3273 1109 3332 Aristaenetus
1138 3271 1293 3352 adiungit:
1323 3268 1372 3331 aul

254 3363 286 3430 ιδ
309 3367 447 3449 ἐρύθημα
468 3375 554 3432 τοῦτο
576 3371 669 3448 μηδὲν
691 3373 749 3432 τῶν
764 3373 868 3448 χειλῶν
887 3365 979 3448 αὐτῆς
995 3370 1158 3450 διαφέρειν.
1179 3394 1373 3456 quamquam

255 3475 281 3531 si
303 3473 376 3553 quid
399 3474 472 3532 licet
492 3474 586 3533 iudici
608 3476 714 3533 sensui
735 3475 886 3548 tribuere,
910 3476 987 3534 haec
1002 3495 1020 3533 a
1035 3475 1158 3536 rhetore
1181 3478 1373 3554 agglutinata
1406 3505 1410 3514 ’

256 3573 395 3632 dixerim.
439 3574 522 3634 idem
545 3577 560 3634 Ι
586 3588 597 3638 l
622 3597 652 3654 p.
676 3585 707 3636 2:
736 3575 816 3652 χείλη
840 3567 984 3648 δὲδεαιδ
1006 3572 1057 3634 καὶ
1085 3567 1180 3654 ἠρέμα
1210 3575 1373 3659 διῃρημένα

255 3670 305 3731 καὶ
328 3675 386 3732 τῶν
407 3675 539 3753 παρειῶν
562 3667 750 3756 ἐρυθρότερα.

339 3795 457 3853 Iuravit
483 3795 585 3874 virgo,
615 3796 733 3855 audivit
760 3797 874 3856 Diana.
891 3793 915 3874 ¹)
961 3795 1091 3856 Ovidius
1114 3798 1179 3857 XX
1202 3806 1236 3862 19
1261 3819 1308 3879 sq.
1332 3798 1371 3857 de

253 3895 371 3954 Diana:
549 3893 554 3902 '

255 4055 458 4066 ψ*-

322 4163 342 4228 ¹)
361 4165 484 4214 Achilles
496 4163 560 4217 Tot.
573 4165 639 4217 VIII
652 4170 692 4233 12,
706 4169 734 4218 2:
754 4161 863 4234 ὤμοσεν
874 4159 1037 4236 ἡῬοδοΞπις
1049 4167 1098 4222 καὶ
1110 4159 1234 4238 ἤκουσεν
1246 4161 1263 4235 ἡ
1276 4161 1370 4233 Ἀφρο-

255 4247 331 4314 δίκη.
367 4249 555 4299 Callimachus
574 4253 603 4299 in
621 4251 714 4302 Geren.
733 4255 777 4303 57:

407 4325 489 4384 εἶπεν
507 4325 522 4384 ὁ
541 4339 618 4397 παῖς,
639 4331 764 4400 Νέμεσις
782 4330 814 4387 δὲ
833 4332 928 4389 κακὰν
946 4332 1093 4404 ἐγράψατο
1108 4333 1218 4404 φωνάν.
