3284 5158
730 356 961 422 ..156-

405 533 580 613 neglectam
602 532 739 613 queritur
759 533 848 591 testis
870 529 985 590 habere
1006 529 1109 590 fidem.

292 645 344 699 235
367 643 398 696 et
421 635 496 695 deus
518 636 576 694 hoe
597 643 699 708 vates,
721 633 781 693 hoe
803 641 835 692 et
855 652 924 692 mea
946 633 1082 692 earmina
1105 631 1227 692 dieunt:

405 757 424 794 a
447 735 560 796 desunt
580 744 654 795 voto
677 735 803 794 numina
825 733 1000 793 nullatus!

362 836 447 897 uude
468 836 525 920 tibi
547 837 636 896 favor
657 836 728 895 hie?
759 836 820 895 nisi
843 834 926 915 quod
947 854 1032 894 nova
1054 835 1134 894 forte
1158 841 1313 914 repertast

406 958 487 1019 quae
510 939 612 1017 capiat
633 955 762 1016 magnos
784 937 889 997 littera
910 937 991 996 lenta
1014 936 1099 1010 deos.

360 1049 455 1121 teque
477 1047 606 1100 tenente
631 1038 707 1099 deos
729 1057 843 1098 numen
865 1057 978 1124 sequor
999 1039 1069 1117 ipsa
1091 1037 1217 1097 deorum

290 1151 343 1204 240
408 1141 509 1221 doque
531 1139 632 1201 libens
656 1141 752 1200 victas
774 1141 807 1198 in
829 1147 882 1198 tua
903 1149 977 1200 vota
997 1159 1115 1199 manus.

361 1244 505 1323 fassaque
528 1262 593 1301 sum
614 1241 702 1300 matri
725 1240 877 1320 deceptae
899 1240 1028 1301 foedera
1050 1241 1174 1318 linguae
1275 1245 1283 1252 '

402 1343 518 1402 lumina
538 1345 600 1403 fixa
621 1351 733 1402 teneus
755 1343 851 1422 plena
873 1342 1000 1422 pudoris
1022 1343 1122 1401 humo.

361 1453 464 1504 cetera
486 1464 558 1504 eura
579 1452 670 1504 tuest.
700 1443 769 1522 plus
792 1443 851 1503 hoe
874 1462 997 1524 quoque
1018 1443 1140 1520 virgine
1163 1443 1291 1515 fantum,

404 1566 468 1605 nou
489 1547 589 1606 timuit
611 1553 711 1605 tenum
734 1544 817 1626 quod
839 1564 909 1605 mea
931 1544 1036 1606 charte
1056 1545 1153 1624 loqui.

290 1657 341 1709 245
363 1647 424 1708 iam
446 1648 519 1707 satis
541 1647 696 1707 invalidos
719 1647 836 1706 calamo
858 1647 1039 1706 lassavimus
1062 1654 1145 1706 artus

313 1752 318 1766 '
403 1757 434 1808 et
455 1769 562 1808 manus
586 1749 719 1809 officium
740 1749 863 1828 longius
886 1767 981 1826 aegra
1003 1755 1108 1825 negat.

360 1850 449 1930 quid,
473 1851 533 1911 nisi
556 1850 639 1931 quod
662 1851 752 1930 cupio
774 1869 823 1910 me
844 1851 905 1910 iam
928 1850 1116 1927 coniungere
1137 1857 1252 1923 tenum,

401 1959 511 2026 restat,
534 1960 569 2011 ut
590 1951 745 2013 adscribat
765 1952 870 2012 littera
891 1960 998 2012 nostra
1021 1951 1133 2010 ‘vale'.

355 2202 383 2238 v.
402 2186 452 2236 236
469 2187 517 2237 hoe
533 2188 595 2236 deus
613 2192 639 2236 et
655 2192 725 2236 vates
742 2186 809 2251 Lv,
828 2193 853 2236 et
871 2189 933 2238 dena
949 2187 1085 2238 honestes
1101 2186 1287 2247 Burmannus,
1306 2186 1353 2250 qui
1370 2185 1406 2236 si·

288 2270 344 2320 mul
359 2270 483 2320 malebat
493 2271 553 2320 mihi
563 2272 684 2322 earmina.
701 2271 748 2321 hoe
760 2273 830 2330 deus,
843 2272 891 2322 hoe
901 2279 979 2330 uates,
992 2272 1039 2322 hoe
1051 2273 1121 2322 editu
1132 2272 1245 2322 earmina
1254 2268 1404 2320 Bentleius.

289 2361 319 2405 at
336 2363 361 2406 et
378 2372 433 2406 mea
449 2356 563 2406 earmina
580 2368 635 2404 non
653 2355 868 2418 attrectandum,
892 2355 964 2419 qnod
987 2354 1112 2420 argutule
1131 2355 1232 2406 dictum
1251 2354 1404 2420 signifieat:

287 2440 360 2489 idem
373 2453 425 2504 ego
437 2440 584 2492 vaticinor.
602 2463 633 2474 -
652 2454 677 2490 v.
697 2441 747 2490 236
764 2447 793 2489 at
809 2441 900 2490 desunt
918 2440 941 2487 L
953 2454 980 2503 v,
999 2456 1030 2490 ae
1048 2442 1139 2490 desunt
1155 2440 1288 2502 Handius‚
1308 2440 1341 2489 au
1358 2441 1403 2491 de·
1495 2514 1498 2518 -

287 2530 346 2574 sunt
363 2522 515 2590 Crispinus.
550 2524 662 2574 carmina
679 2525 748 2573 nulla
765 2524 830 2588 Lv,
855 2525 954 2589 scripsi
972 2526 1071 2574 numina
1088 2527 1164 2575 euim.
1187 2549 1221 2559 -
1243 2539 1269 2574 v.
1288 2525 1337 2574 237
1356 2524 1405 2574 nisi

285 2609 356 2672 sorte
374 2625 439 2659 nova
455 2615 563 2673 reperta
579 2615 618 2658 est
635 2623 662 2658 v.
687 2635 718 2644 -
746 2624 772 2658 v.
791 2610 841 2660 239
859 2611 907 2659 deo
924 2624 950 2659 v.
980 2625 1068 2659 nomen
1084 2625 1180 2675 sequar
1196 2608 1233 2672 L,
1258 2624 1346 2659 nemen
1362 2623 1404 2658 se-

288 2708 352 2758 quor
369 2707 398 2755 v,
423 2708 512 2743 numen
533 2693 698 2742 Bersmanni
721 2691 807 2742 editio
831 2693 1015 2759 infmargine.
1050 2700 1121 2743 uetus
1143 2693 1207 2743 liber
1230 2689 1273 2758 (t)
1294 2689 1402 2757 ‘pacis’.

283 2782 347 2842 puto
371 2776 474 2841 ‘partes
495 2774 602 2844 sequor’
626 2775 769 2827 Heinsius.
803 2775 876 2827 idem
900 2778 952 2829 eoi.
975 2777 1132 2840 Bentie1us,
1157 2775 1243 2827 facile
1265 2781 1351 2826 reete.
1371 2802 1403 2812 -

286 2877 313 2912 v.
331 2862 381 2911 242
404 2868 473 2912 tenet
489 2861 555 2920 Lv,
579 2868 667 2912 tenena
684 2861 826 2911 Heinsius.
861 2862 928 2911 humi
947 2860 1028 2912 idem.
1053 2887 1084 2898 -
1112 2878 1139 2911 v.
1157 2862 1208 2912 244
1229 2861 1351 2912 cartul..
1369 2887 1404 2896 —

286 2962 312 2996 v.
330 2947 380 2997 247
398 2947 448 3004 nisi
464 2947 538 3010 cupio
555 2946 615 2995 milri
630 2947 679 2995 iam
696 2947 843 3011 contingere
860 2961 886 2998 v.
905 2970 939 2980 -
955 2961 982 2996 v.
1000 2947 1050 2996 248
1067 2946 1184 2996 ascribas
1200 2961 1225 2998 v.
1259 2953 1287 2996 ut
1303 2947 1404 2996 adscri-

215 3019 217 3023 ’
286 3031 331 3080 bae
347 3033 434 3081 littera
451 3033 558 3082 nostra?
575 3033 630 3081 vale
648 3029 741 3096 vulgo.
777 3031 923 3081 emendavi
941 3029 1200 3096 interpunctionem.
