3284 5158
712 427 944 494 ..150..

287 615 322 671 70
386 606 469 686 piota
491 604 571 663 citae
593 603 682 681 tetigi
706 622 766 683 quo
789 601 871 682 pede
894 609 980 660 texta
1001 599 1099 660 ratis?

344 706 392 766 bis
414 715 518 765 tamen
542 703 673 764 adverso
696 704 856 764 redieruut
879 701 1006 762 carbasa
1028 710 1139 762 vento:

385 807 518 867 mentior
540 826 559 865 a
582 805 724 865 demensi
748 805 802 864 ille
824 805 977 865 secundus
1001 812 1076 864 erat.

262 984 263 987 Ἴ
344 909 400 969 ille
422 907 576 968 secundus
599 916 679 981 erat,
705 907 757 986 qui
778 925 827 966 me
849 905 1005 966 referebat
1028 913 1151 995 euntem

389 1011 504 1092 quique
525 1029 632 1088 parum
655 997 730 1068 felix
751 1007 936 1087 inpediebat
957 1008 1026 1066 iter.

288 1120 322 1176 75
345 1101 439 1190 atque
460 1111 577 1170 utinam
600 1117 745 1169 constans
768 1117 875 1169 eontra
897 1127 966 1168 mea
987 1108 1060 1168 vela
1081 1108 1205 1168 fuisset!

387 1212 442 1272 sed
465 1212 619 1272 stultumst
640 1209 728 1270 venti
750 1210 790 1272 de
812 1209 939 1271 levitate
963 1210 1060 1290 queri.

344 1321 427 1373 mota
447 1305 508 1373 loti
530 1314 612 1372 fama
634 1311 839 1393 properabam
860 1313 962 1372 visere
984 1311 1103 1384 Delon,
1172 1393 1175 1398 Ι

389 1423 420 1474 et
433 1414 545 1475 ¹faeere
568 1416 682 1492 ignava
703 1433 810 1494 puppe
832 1412 962 1473 videbar
983 1415 1052 1472 iter.

344 1536 437 1596 quam
458 1535 553 1596 saepe
574 1525 609 1575 ut
629 1514 725 1576 tardis
748 1516 809 1574 feei
832 1514 972 1574 convicia
994 1515 1085 1574 remis

288 1625 323 1680 80
388 1625 558 1698 questaque
581 1637 648 1678 sum
668 1625 763 1676 vento
785 1617 883 1676 lintea
905 1636 1000 1696 parea
1021 1615 1103 1675 dari!

346 1727 376 1779 et
397 1720 459 1779 iam
480 1719 663 1780 transieram
684 1719 842 1797 Myconon
864 1715 925 1776 iam
947 1719 1060 1778 Tenon
1084 1724 1115 1776 et
1136 1714 1284 1789 Andron,

387 1822 482 1901 inque
504 1821 580 1880 meis
604 1821 697 1880 oeulis
721 1818 856 1878 eandida
877 1821 975 1879 Delos
999 1828 1074 1879 erat.

347 1942 438 2002 quam
459 1923 567 2002 proeul
588 1931 622 1981 ut
643 1921 723 1996 vidi,
747 1921 837 2000 ‘quid
860 1940 909 1980 me
931 1921 1027 2000 fugis,
1051 1921 1169 1979 insula'
1193 1919 1273 1993 dixi,

390 2022 518 2084 ‘laberis
540 2025 573 2082 in
595 2043 707 2102 magno
731 2022 895 2103 numquid,
917 2031 952 2082 ut
973 2031 1062 2096 ante,
1085 2021 1199 2081 mariI'

289 2133 323 2186 85
346 2124 519 2183 institeram
539 2131 656 2199 terrae,
680 2145 747 2184 eum
768 2125 829 2184 iam
850 2144 949 2205 prope
971 2124 1040 2185 luee
1062 2131 1189 2203 peraeta

391 2225 515 2284 demere
536 2226 699 2305 purpureis
722 2225 778 2286 Sol
797 2226 871 2304 iuga
891 2225 990 2285 vellet
1012 2227 1108 2306 equis.

348 2345 425 2408 quos
447 2325 531 2385 idem
554 2327 660 2386 solitos
682 2334 847 2408 postquam
867 2327 1026 2386 revocavit
1047 2326 1088 2386 ad
1112 2335 1224 2400 ortus‚=

391 2436 549 2489 comuntur
570 2435 695 2488 nostrae
717 2436 815 2488 matre
837 2427 963 2488 iubente
987 2447 1107 2502 comae,

347 2531 416 2609 ipsa
440 2528 527 2589 dedit
548 2547 684 2608 gemmas
708 2529 812 2609 digitis
836 2538 867 2589 et
889 2529 1023 2589 oriuibus
1045 2523 1150 2590 aurum

291 2641 325 2695 90
390 2613 422 2691 et
442 2639 545 2691 vestes
567 2631 700 2692 humeris
722 2632 824 2692 induit
845 2632 915 2711 ipsa
935 2632 1022 2717 meis.

348 2733 489 2813 protinus
512 2753 657 2812 egressae
679 2734 814 2813 superis,
839 2732 949 2815 quibus
971 2733 1075 2792 insula
1096 2725 1227 2806 senseat,

391 2835 471 2894 flava
493 2835 634 2895 salutatis
656 2843 724 2896 tura
745 2853 923 2914 merumque
946 2833 1069 2908 damus,

349 2934 482 3016 dumque
505 2955 620 3016 parens
643 2956 711 2996 aras
733 2938 839 2996 votivo
862 2937 1014 3014 sanguine
1036 2935 1129 3015 tingit

391 3038 533 3117 festaque
556 3038 682 3098 fumosis
703 3039 818 3118 ingerit
841 3046 912 3098 exta
935 3037 1026 3112 focis,

292 3126 326 3202 §5
348 3139 458 3200 sedula
479 3159 528 3199 me
551 3141 654 3200 nutrix
676 3139 753 3200 alias
778 3153 909 3220 quoque¹
925 3138 1007 3198 ducit
1029 3139 1062 3198 in
1085 3139 1195 3213 aedes,

392 3261 588 3322 erramusque
611 3263 690 3322 vago
714 3262 771 3322 per
793 3242 861 3310 loca
882 3261 969 3301 saera
991 3239 1084 3320 pede.

349 3349 380 3402 et
400 3343 493 3403 modo
516 3345 683 3423 porticibus
706 3344 825 3424 spatior
846 3343 938 3403 modo
961 3363 1089 3402 munera
1111 3361 1218 3421 regum

344 3626 370 3663 v.
388 3613 421 3662 70
437 3614 510 3676 picta
526 3627 596 3662 meae
613 3613 637 3661 L
650 3628 676 3662 v.
708 3619 774 3664 testa
791 3628 816 3662 v.
830 3638 862 3647 -
880 3627 906 3664 v.
925 3613 956 3663 71
975 3611 1014 3662 Iris
1033 3619 1114 3662 tanen
1131 3612 1213 3666 P3v.
1241 3613 1355 3678 gardana
1370 3629 1397 3666 v.

278 3723 309 3732 -
333 3710 360 3746 v.
379 3697 412 3746 72
433 3698 541 3747 mentior
563 3697 596 3746 oh
617 3699 659 3747 ida
680 3698 806 3746 secundus
829 3703 899 3754 erat,
922 3697 955 3746 alr
973 3697 1002 3746 in
1021 3711 1132 3758 rasura,
1155 3697 1208 3749 1³3.
1243 3699 1276 3748 dn
1294 3714 1345 3748 rv.
1365 3725 1396 3734 -—

278 3797 305 3832 v.
324 3783 356 3832 73
379 3796 447 3832 mere
467 3781 571 3844 serebat
592 3784 625 3833 L.
647 3807 682 3818 -
710 3797 736 3832 v.
756 3783 789 3832 74
806 3783 959 3846 impediebat
975 3783 1119 3834 LP3rv.
1143 3807 1176 3818 —
1205 3797 1230 3845 v,
1249 3784 1397 3834 distruere

277 3868 366 3916 Delum
377 3880 404 3928 v,
423 3867 506 3917 visere
517 3867 607 3916 Delum
618 3869 662 3918 Pe
674 3883 695 3919 r.
710 3893 741 3903 -
759 3881 785 3917 v.
800 3867 833 3916 78
846 3882 917 3932 pape
930 3883 943 3916 r
954 3881 980 3919 v.
993 3893 1027 3904 -—
1044 3883 1070 3919 v.
1086 3869 1119 3917 79
1131 3869 1240 3918 convitio
1251 3868 1274 3916 L
1287 3867 1332 3919 Pe
1344 3884 1358 3917 r
1369 3885 1396 3920 v.

279 3978 309 3986 -
332 3968 359 4000 v.
376 3951 410 4000 80
433 3951 498 4001 dare
514 3950 558 4002 P3
571 3968 595 4004 v.
620 3979 652 3986 -
674 3968 702 4003 v.
719 3952 752 4002 81
770 3967 891 4018 myconen
907 3952 945 4015 L,
969 3967 1096 4018 mytonem
1113 3951 1194 4005 Pav.
1235 3953 1398 4018 Myronium

277 4032 390 4086 antennd
406 4043 432 4086 et
446 4041 470 4087 r.
499 4035 543 4086 Pa
560 4037 646 4088 habet
664 4038 693 4086 in
709 4037 835 4103 margine
853 4037 914 4087 Hae
930 4044 989 4087 sunt
1006 4052 1037 4088 1v
1053 4039 1150 4088 insulae
1168 4039 1295 4104 cyclades,
1319 4038 1398 4088 Delos

277 4122 374 4188 Myron
394 4121 477 4171 Tenos
495 4125 520 4170 et
537 4120 652 4171 Andros.
671 4149 704 4156 —
727 4136 753 4172 v.
771 4123 803 4171 82
822 4121 933 4171 condida
945 4121 1081 4186 Phospdor
1098 4137 1119 4170 r.
1137 4147 1172 4157 -
1188 4136 1215 4172 v.
1235 4122 1269 4172 84
1285 4123 1399 4188 nunquid

277 4197 422 4258 LP3rv.
440 4231 474 4242 -
496 4219 522 4255 v.
541 4205 574 4255 87
592 4207 661 4270 qnod
676 4206 709 4256 L.
727 4229 761 4244 -
783 4220 808 4256 v.
828 4206 861 4256 89
884 4207 1000 4256 eruribus
1017 4207 1100 4257 P3v.
1118 4232 1152 4240 —
1174 4221 1200 4257 v.
1214 4208 1246 4257 91
1263 4213 1341 4271 prato
1358 4214 1398 4256 est

276 4291 335 4351 P3,
359 4291 406 4356 qui
424 4291 453 4339 iu
470 4289 595 4355 margine
613 4305 690 4340 sarra
707 4290 806 4351 habet,
832 4293 860 4340 et
877 4305 903 4352 r,
926 4289 1035 4341 scilieet
1059 4307 1093 4342 ex
1115 4295 1182 4342 met.
1200 4291 1268 4342 VIII
1285 4293 1344 4342 590.
1362 4317 1398 4328 -

278 4388 304 4423 v.
324 4374 358 4423 94
375 4381 495 4441 sectaque
513 4375 656 4428 Heinsius.
676 4401 704 4410 -
724 4391 750 4426 v.
769 4377 802 4426 96
821 4391 969 4441 eramusque
987 4391 1008 4426 r.
1029 4403 1061 4413 —
1078 4392 1104 4430 v.
1122 4378 1155 4428 97
1173 4391 1276 4442 regnam
1294 4391 1319 4427 v.
