3254 5158
769 419 978 484 „20-

422 583 592 651 Burrroldcto
614 581 695 671 παρὰ
717 591 795 668 σῆμα
816 588 916 670 φέρεις
938 585 1048 668 πόδας,
1071 573 1106 650 ad
1126 588 1181 668 μὲν
1203 580 1310 667 ἀοιδὴν

463 687 589 769 εἰδότος,
611 674 645 752 εὖ
668 681 695 750 δ’
721 691 795 776 oi'ucp
818 693 920 772 καίρια
939 685 1114 772 συγγελάσαι
1122 689 1161 772 1).

315 832 367 890 vel
389 829 483 890 Ovidi
500 799 711 904 ,versus'trist.
736 831 770 889 Π
792 837 841 893 367
866 849 913 910 sq.
938 829 1073 910 denique
1103 848 1303 910 ecquemnam
1325 829 1431 906 fugere

315 940 431 1011 potest,
461 931 661 1011 Antipatrum
682 951 711 989 v.
737 942 811 992 l--b
841 951 892 990 eas
922 932 1005 1011 ipsas
1033 931 1066 989 in
1088 930 1272 990 Antimacho
1304 929 1450 990 laudare

314 1035 460 1106 virtutes,
485 1052 562 1112 quas
585 1033 618 1091 iu
642 1032 860 1110 epigrammate
884 1040 976 1090 antea
997 1039 1127 1090 tractato
1150 1033 1248 1111 poetis
1265 1020 1433 1088 ἆκανθολό.

314 1153 378 1211 γοις
400 1143 431 1192 et
452 1122 631 1210 ὖόροπόταις
654 1133 789 1210 deneget
812 1153 1002 1214 quarumque
1025 1135 1177 1192 contraria
1199 1133 1276 1193 vitia
1297 1134 1363 1192 istis
1381 1152 1432 1191 ex-

315 1233 462 1314 probret?
488 1235 635 1294 sermonis
659 1235 739 1294 enim
762 1236 857 1294 cultui
880 1234 1013 1294 delicato
1037 1245 1067 1294 et
1090 1237 1177 1314 quasi
1200 1235 1309 1293 enervi
1331 1243 1432 1292 auste-

314 1357 381 1396 rum
403 1336 544 1416 adeoque
573 1337 706 1396 ferreum
728 1337 906 1396 Antimachi
928 1357 1027 1414 genus
1056 1337 1231 1414 oppositum
1260 1344 1320 1408 est,
1349 1325 1433 1406 ἄξιον

314 1429 444 1513 ἀρχαίων
471 1425 583 1514 ὀφρύος
610 1429 757 1512 ἡμιθέων.
803 1440 852 1497 cui
875 1439 1029 1515 congruit,
1061 1435 1146 1516 quod
1173 1437 1206 1494 in
1235 1437 1336 1514 priore
1366 1436 1434 1513 epi-

317 1547 483 1616 grammate
506 1528 601 1616 ὅίρσην
625 1539 735 1597 dicitur
756 1539 925 1612 Homerus,
951 1559 1043 1618 quam
1065 1538 1187 1597 laudem
1208 1544 1242 1595 ut
1264 1536 1304 1596 ad
1319 1536 1431 1595 Home·

313 1662 381 1700 rum
402 1640 679 1718 Archilochumque
701 1659 799 1718 aeque
822 1639 1003 1712 referamus,
1028 1640 1124 1716 exigit
1145 1660 1273 1718 magnus
1295 1647 1433 1697 veterum

315 1762 492 1801 consensus.
522 1740 610 1800 vides
632 1741 726 1817 igitur
747 1749 877 1819 utroque
901 1741 1068 1819 composito
1091 1732 1317 1820 epigrammate,
1342 1757 1431 1817 quam

313 1842 478 1922 multiplici
506 1843 660 1900 rationum
683 1862 765 1900 nexu
787 1842 939 1901 Homerus
967 1844 1000 1900 in
1030 1843 1217 1901 consortium
1243 1841 1380 1898 trahatur
1403 1847 1433 1898 et

315 1942 416 2003 laudis
441 1951 471 2002 et
493 1943 758 2024 reprehensionis,
782 1941 881 2001 laudis
905 1941 943 2005 ab
966 1942 1148 2021 Antipatro,
1178 1941 1431 2020 reprehensionis

315 2065 333 2102 a
357 2043 544 2104 Callimacho
572 2044 755 2103 declaratae.

399 2146 457 2206 His
478 2145 571 2222 igitur
594 2145 820 2223 epigrammatis
844 2146 1012 2204 accuratius
1036 2145 1217 2204 examinatis
1240 2145 1382 2222 interque
1398 2163 1431 2202 se

315 2246 459 2320 conlatis,
490 2245 573 2324 quod
602 2265 700 2323 genus
730 2265 769 2304 ex
796 2243 917 2304 iudiciis
939 2246 1220 2305 Alexandrinorum
1246 2243 1365 2323 pendet
1386 2253 1430 2303 to-

314 2358 378 2407 tum
392 2343 428 2424 ²),
454 2349 541 2428 quasi
563 2367 620 2426 per
642 2349 747 2406 rimam
770 2344 1020 2425 introspicientes
1035 2346 1142 2406 videre
1158 2347 1325 2425 audireque
1342 2343 1431 2404 nobis
1507 2370 1510 2374 ·

383 2582 402 2646 ¹)
420 2583 490 2633 Nam
516 2583 622 2648 Haupti
648 2582 809 2633 coniectura
836 2573 1007 2647 surreptiones
1033 2597 1088 2632 non
1114 2580 1229 2632 confido.
1271 2581 1308 2631 ci.
1333 2581 1429 2645 Eurip.

313 2666 418 2718 Bacch.
436 2667 495 2718 380.
1329 2709 1332 2716 .

382 2750 403 2816 ²)
421 2751 569 2817 Antipater
579 2749 793 2816 Aristophanem
811 2751 934 2815 sequitur
951 2752 980 2800 in
992 2749 1159 2800 Archilocho
1174 2754 1201 2800 et
1212 2749 1376 2799 Antimacho
1389 2750 1431 2799 iu-

314 2835 448 2887 dicandis.
480 2835 514 2886 cf.
532 2835 648 2898 QuIntii.
667 2837 691 2885 X
711 2839 734 2898 1,
754 2838 794 2888 53.
815 2837 848 2885 de
867 2834 1032 2887 Archilocho
1051 2835 1245 2900 Aristophanis
1263 2834 1351 2884 habes
1369 2849 1430 2884 sen-

314 2923 430 2972 tentiam
455 2919 513 2972 Cic.
538 2919 573 2970 od
595 2921 650 2971 Ati.
673 2920 737 2971 XVI
755 2923 803 2985 11,
823 2922 851 2970 2:
876 2922 944 2986 quod
964 2922 1062 2970 cereris
1084 2937 1115 2970 ue
1138 2913 1293 2984 ἀδόλεσχος
1315 2920 1375 2969 mihi
1397 2927 1430 2978 tu,

314 3009 370 3074 quis
387 3010 474 3065 miuus,
493 3007 533 3056 cui
550 3013 581 3055 ut
599 3006 820 3070 Aristophani
837 3004 1031 3054 Archilochi
1047 3003 1176 3062 iambus,
1194 3006 1231 3054 sic
1249 3006 1358 3068 epistola
1376 3005 1431 3052 lon·

312 3091 415 3158 pissimo
427 3105 540 3158 quaeque
554 3091 648 3153 optimu
660 3091 769 3138 videtur.
800 3093 948 3153 praeterea
959 3087 1130 3152 peculiarem
1142 3103 1253 3152 operam
1266 3086 1432 3137 Archilocho
1503 3133 1505 3138 ,

317 3176 433 3226 navarit
450 3172 657 3237 Aristophanes.
689 3171 724 3221 ci.
742 3171 850 3222 Nauck.
868 3171 1006 3236 Aristoph.
1022 3173 1088 3234 Byz.
1106 3188 1134 3236 p.
1147 3173 1211 3234 273,
1229 3171 1430 3220 Schneidewin.

314 3258 400 3322 symb.
420 3258 482 3307 crit.
502 3259 530 3306 in
548 3261 632 3321 poett.
652 3255 702 3320 lyr.
721 3272 746 3320 p.
760 3258 792 3306 96
805 3271 854 3321 sq.,
873 3254 981 3306 Nauck.
998 3255 1227 3320 phi101.1p.352
1247 3260 1275 3304 et
1291 3255 1429 3320 Aristoph.

317 3359 343 3408 p.
357 3343 399 3392 60.
423 3340 636 3406 Aristophanem
650 3343 742 3389 autem
756 3355 773 3388 a
786 3338 952 3390 Callimachi
965 3340 1090 3405 partibus
1103 3340 1241 3390 deiecisse
1254 3339 1320 3388 mihi
1331 3339 1429 3403 videri,

314 3428 371 3477 iam
391 3426 455 3476 olim
474 3425 628 3476 declaravit
639 3423 829 3476 Volkmannus
847 3422 864 3474 l.
879 3440 902 3474 c.
915 3441 945 3489 p.
956 3425 998 3474 26.
1028 3425 1112 3474 etiam
1130 3424 1291 3489 Apollonius
1308 3423 1430 3474 Rhodius

318 3511 531 3561 commentarios
555 3510 667 3575 scripsit
689 3510 717 3558 in
740 3508 935 3560 Archilochum
958 3513 1029 3560 teste
1050 3508 1194 3559 Athenaeo
1215 3509 1362 3560 111451d.
1398 3525 1431 3559 ex

315 3594 492 3660 anthologiae
504 3595 594 3660 poetis
608 3592 825 3644 Callimacheum
838 3598 967 3644 secuntur
980 3593 1013 3642 de
1026 3592 1192 3644 Archilocho
1204 3593 1335 3642 iudicium
1346 3593 1430 3643 Iulia-

314 3696 364 3730 nus
382 3680 434 3730 VII
447 3681 480 3730 69
499 3683 527 3729 et
539 3677 700 3728 Gaetulicus
713 3679 766 3728 VII
779 3681 821 3729 71.
848 3680 883 3729 cf.
903 3680 987 3729 etiam
999 3678 1118 3743 Longis.
1138 3679 1171 3728 de
1190 3676 1260 3729 suhl.
1272 3678 1393 3728 XXXIII
1406 3680 1429 3729 5.

316 3769 343 3815 et
360 3765 452 3814 haesit
469 3763 551 3813 Pario
570 3761 674 3828 aliquid
693 3761 900 3812 Callimacheoe
918 3763 1130 3828 viiuperationis
1149 3763 1222 3828 apud
1240 3763 1355 3825 QuintiI.
1374 3763 1392 3812 l.
1406 3779 1430 3814 c.

315 3852 347 3901 59
366 3865 406 3915 sq.
429 3855 514 3916 itaque
536 3848 669 3900 ratribus
691 3831 803 3912 receptis
821 3847 970 3898 Aristarchi
994 3849 1087 3898 iudicio
1109 3847 1278 3914 scriptoribus
1295 3847 1431 3898 iamborum

314 3936 350 3984 ud
367 3927 427 3996 ἕξιν
443 3936 551 3984 manime
566 3932 705 3998 pertinebit
726 3949 789 3982 uuus
812 3933 1038 3992 Archilochus.
1074 3949 1166 3984 summu
1183 3935 1209 3982 iu
1227 3934 1274 3984 hoc
1291 3935 1329 3983 cis
1347 3936 1430 3982 elocu-

315 4021 403 4077 tionis,
422 4035 476 4068 cum
493 4019 592 4076 calidae
610 4025 660 4066 tum
677 4017 765 4067 breues
782 4011 959 4082 uibrantesque
976 4019 1130 4077 sententiae,
1153 4019 1285 4082 plurimum
1301 4017 1431 4081 suupuiuis

315 4111 390 4170 utque
408 4119 553 4162 umorum,
566 4104 644 4153 adeo
662 4109 694 4151 ut
716 4103 864 4152 uideatur
887 4101 1085 4167 quibusdum,
1109 4103 1194 4168 quod
1210 4117 1361 4168 quoquam
1377 4102 1431 4148 rui-

213 4194 214 4198 ’
316 4204 373 4239 uor
391 4195 450 4248 cst,
473 4187 629 4237 materiae
647 4201 729 4245 esse,
748 4203 807 4237 riou
823 4187 945 4250 inperii
967 4189 1081 4237 uitium.
1118 4201 1229 4252 quorum
1249 4187 1371 4232 extrema
1389 4183 1430 4232 ita

316 4272 435 4337 corrigo:
459 4273 525 4322 adeo
547 4278 574 4320 ut
590 4272 707 4322 uideatur
729 4271 886 4336 quibusdum,
911 4273 980 4336 quod
1000 4287 1157 4337 numquam
1178 4269 1287 4318 mitior
1310 4275 1360 4325 est,
1384 4270 1429 4317 iu-

312 4357 401 4419 peuii
417 4372 473 4406 esse
491 4372 541 4406 uou
556 4357 716 4406 ,materiae
733 4358 824 4406 uitium.
854 4369 917 4404 nam
930 4355 1003 4405 Plut.
1020 4355 1054 4405 de
1072 4352 1209 4405 audiendo
1223 4354 1266 4402 13:
1285 4345 1430 4418 piscibusve
