3254 5158
740 439 950 504 Ἥ28...

910 552 928 582 Q

288 619 380 690 Lydo,
405 617 617 674 Callimachi
637 615 805 689 Cydippe,
828 617 1063 672 Hermesioooco's
1084 614 1240 685 Leontium,
1262 610 1408 687 Propertii

287 719 412 792 Qnttio.
443 715 552 776 eodem
573 736 647 776 vero
671 735 770 788 anno,
794 736 854 795 quo
876 716 936 774 ista
958 722 1029 773 sunt
1051 716 1179 794 scripta,
1202 716 1404 808 Buttman-

193 849 196 864 ·
288 838 355 877 nus
378 819 506 897 mythol.
523 819 557 877 ΙΙ
578 839 610 898 p.
631 828 680 880 115
703 838 771 898 sqq.
802 817 924 884 inlustri
947 817 1205 876 commentatione
1227 818 1403 877 memoriam

289 918 454 998 Cydippae
489 920 661 979 renovavit.
707 927 738 976 at
766 927 870 977 tamen
898 919 1130 976 recentissimae
1164 919 1274 978 aetatis
1308 919 1404 978 homi·

288 1039 344 1079 nes
362 1019 466 1080 doctos
481 1021 564 1080 haud
580 1040 711 1099 paucos,
729 1020 804 1099 quin
819 1021 919 1097 ipsum
933 1015 1184 1097 Bernhardynm,
1203 1018 1241 1078 de
1258 1019 1404 1099 Cydippe

288 1121 468 1181 Callimachi
490 1123 596 1202 procul
621 1141 722 1182 errare
745 1141 781 1179 ac
800 1122 907 1198 vagari
931 1119 1038 1193 video,
1063 1119 1145 1198 quod
1161 1119 1201 1180 ad
1221 1141 1286 1182 rem
1302 1121 1404 1180 denuo

288 1221 536 1301 pertractandam
550 1223 633 1282 haud
648 1221 800 1282 mediocre
818 1229 883 1280 erat
905 1221 1145 1279 incitamentum.
1176 1221 1233 1280 sed
1249 1221 1281 1278 in
1298 1223 1403 1300 primis

287 1323 346 1382 hoc
367 1343 415 1382 me
438 1323 595 1397 movebat,
627 1323 709 1403 quod
738 1323 890 1402 permulta
910 1321 1027 1381 habere
1048 1321 1122 1380 mihi
1149 1321 1293 1395 videbar,
1324 1343 1403 1402 quae

287 1432 358 1502 post
385 1426 605 1484 Buttmannum
631 1425 683 1484 vel
711 1424 860 1484 adderem
887 1443 968 1482 nova
990 1424 1140 1504 utiliaque
1161 1424 1214 1484 vel
1236 1431 1405 1484 statuerem

286 1527 398 1585 rectius
423 1537 454 1586 et
476 1527 659 1601 accuratius,
684 1546 751 1584 eum
773 1526 954 1605 praesertim
976 1544 1035 1584 nec
1056 1525 1179 1604 singula
1194 1525 1246 1585 ille
1262 1524 1403 1585 subtilius

287 1635 466 1705 persecutus
491 1636 582 1701 esset,
606 1636 637 1686 et
659 1648 733 1687 vero
757 1628 788 1686 in
814 1647 849 1686 eo
873 1629 951 1706 ipso,
976 1627 1023 1686 cui
1039 1647 1185 1685 summam
1206 1626 1272 1685 fere
1288 1627 1400 1700 insum-

287 1729 350 1807 psit
377 1749 506 1809 operae,
535 1749 649 1788 avero
671 1729 745 1788 mihi
767 1730 860 1807 longe
889 1727 1046 1788 videretur
1074 1727 1244 1788 aberrasse.
1296 1728 1404 1788 ducem

287 1849 360 1889 vero
383 1830 503 1890 itineris
527 1829 609 1910 quod
632 1851 733 1890 sumus
756 1831 924 1908 ingressuri
947 1849 1109 1910 sequemur
1131 1830 1370 1904 Aristaenetum.

699 2117 972 2128 --·---—-——-—-—---
991 2120 998 2126 .

371 2341 564 2399 Narrationis
580 2338 816 2398 Aristaeneteae
841 2355 961 2398 cursum
982 2339 1083 2398 multis
1099 2338 1197 2398 modis
1217 2358 1358 2398 mancum
1373 2347 1404 2399 et

286 2443 428 2501 inscitum
443 2443 468 2500 si
484 2441 551 2520 quis
573 2439 685 2498 iudicio
708 2460 780 2499 usus
803 2440 907 2519 paullo
930 2440 1097 2517 intentiore
1120 2439 1329 2520 perlustrabit,
1358 2440 1401 2498 fa-

288 2543 346 2601 cile
369 2562 437 2600 enm
460 2541 617 2614 advertet,
649 2541 817 2620 sophistam
844 2542 965 2600 initium
988 2541 1153 2601 enarrandi
1177 2540 1215 2600 ab
1239 2541 1348 2600 eadem
1369 2560 1402 2600 re

287 2663 420 2716 sumere,
451 2643 483 2701 in
510 2662 571 2722 qua
594 2643 722 2715 desinit,
753 2643 912 2721 nuptias
944 2641 1011 2701 dico
1035 2642 1148 2702 Aconti
1172 2651 1203 2703 et
1226 2641 1401 2722 Cydippae.

285 2745 333 2803 his
356 2744 509 2824 principio
533 2746 772 2815 commemoratis
801 2745 947 2803 continno
976 2744 1162 2823 praedicans
1185 2745 1292 2802 miram
1319 2745 1402 2822 paris

287 2847 352 2906 eius
384 2845 621 2926 pulcritudinem
654 2844 862 2923 regrediendo
899 2866 937 2905 ea
967 2845 1177 2926 persequitur,
1216 2865 1294 2925 quae
1330 2854 1402 2904 ante

286 2949 411 3027 nuptias
427 2949 509 3006 facta
526 2956 624 3020 erant,
640 2956 812 3026 temporum
830 2946 1012 3006 discriminis
1028 2949 1113 3006 nullo
1129 2946 1245 3006 indicio
1262 2945 1401 3026 prodito:

285 3047 318 3106 ot
329 3046 360 3107 di
376 3040 595 3124 φιλοθεάμονες
610 3046 683 3104 roda
699 3042 805 3117 ἄλλους
822 3067 849 3106 e.
867 3069 896 3128 q.
909 3068 932 3106 s.
951 3056 982 3107 et
998 3047 1112 3107 exinde
1128 3068 1147 3106 a
1161 3047 1264 3107 verbis
1282 3046 1402 3106 demum

285 3134 371 3220 οὗτος
393 3141 513 3225 ἠράσθη
528 3146 686 3222 Κυδίππης
710 3148 851 3208 deorsum
872 3148 1013 3228 procedit
1036 3150 1189 3208 enarratio
1214 3168 1249 3208 eo
1266 3148 1402 3208 reditura

285 3250 369 3310 unde
394 3249 578 3310 ordiebatur.
615 3269 694 3330 quae
716 3249 870 3308 rhetorem
892 3270 946 3309 suo
968 3250 1069 3309 Marte
1091 3252 1135 3309 ita
1156 3251 1326 3311 instituisse
1349 3271 1401 3309 va·

285 3353 415 3410 rientem
445 3351 596 3411 Graecum
630 3351 818 3429 exemplum,
853 3371 942 3410 nemo
978 3352 1068 3410 facile
1102 3352 1235 3410 animum
1263 3352 1401 3413 inducet.

284 3452 407 3511 videtur
429 3452 481 3512 ille
504 3453 606 3532 potius
635 3453 851 3530 neglegentius
879 3453 1083 3532 serviliusque
1114 3453 1276 3514 excribens
1307 3461 1401 3534 atque

286 3555 319 3612 in
341 3553 465 3612 brevius
488 3554 578 3613 simul
598 3554 740 3632 imperite
764 3553 949 3613 contrahens
973 3554 1152 3614 obscurasse
1176 3564 1207 3614 et
1228 3556 1401 3635 corrupisse

286 3654 523 3714 Callimacheam
540 3654 706 3714 enarrandi
722 3662 827 3714 artem.
855 3662 886 3714 et
899 3654 978 3714 haec
993 3656 1117 3735 quidem
1133 3676 1282 3737 quasnam
1297 3665 1401 3716 secuta

286 3755 427 3815 videatur
449 3758 600 3830 rationes,
633 3751 802 3816 accuratius
827 3757 983 3836 explicare
1005 3777 1088 3816 nunc
1117 3758 1294 3831 omittimus,
1328 3777 1401 3817 ean·

287 3856 356 3915 dem
371 3877 435 3916 rem
450 3877 506 3937 per
520 3859 642 3918 maioris
666 3859 855 3938 quaestionis
879 3859 1140 3937 opportunitatem
1162 3866 1272 3938 postea
1286 3879 1400 3919 resum-

284 3959 375 4037 pturi.
419 3961 573 4019 monuisse
596 3979 678 4019 nunc
700 3961 774 4020 satis
798 3968 859 4034 est,
890 3958 1110 4020 Callimachum
1137 3961 1245 4040 procul
1266 3961 1359 4021 dubio
1382 3981 1400 4019 a

284 4061 459 4139 nuptiarum
488 4062 645 4119 mentione
668 4060 803 4120 fabulam
831 4062 1022 4141 auspicatum
1051 4060 1199 4142 deinceps
1226 4063 1398 4140 repetiisse,

285 4182 345 4242 quo
369 4161 493 4220 artificio
516 4159 668 4234 adhibito,
694 4170 768 4242 quot
787 4163 939 4242 utrimque
955 4163 1110 4224 laboribus
1128 4164 1306 4237 exantlatis,
1330 4163 1400 4222 illas

284 4263 432 4322 Acontius
456 4263 602 4340 attigerit.

369 4365 479 4445 Itaque
502 4365 535 4422 in
556 4364 625 4442 ipso
648 4364 763 4438 limine,
787 4384 860 4439 non,
885 4364 969 4446 quod
984 4367 1083 4426 visum
1097 4363 1235 4426 Reuehio
1251 4365 1303 4426 die
1317 4366 1400 4444 frag-
