3284 5158
690 440 902 504 -93-

241 617 326 675 vitae
348 616 482 674 veritate
505 612 689 674 sumebatur.
720 624 751 674 et
766 613 849 693 apud
864 615 1012 676 Latinum
1034 623 1158 694 poetam
1180 619 1290 674 conscia
1313 617 1357 676 di-

242 717 319 776 citur
342 718 446 776 nutrix
467 716 550 776 XXI
573 722 605 777 17
624 735 693 795 sqq.
721 716 904 797 litterasque
931 725 1051 776 mutuas
1081 717 1186 776 forsan
1209 719 1358 795 cogitatur

241 838 373 878 curasse.
410 813 474 878 sed
492 817 531 878 dc
553 817 751 878 iureiurando
774 819 852 878 nihil
879 817 950 878 dum
971 819 1058 896 virgo
1081 818 1261 898 parentibus
1284 839 1358 878 ansa

242 929 307 980 erat
331 939 485 979 enarrare.
530 939 624 999 quare
647 919 827 980 adhortatur
850 940 917 980 eam
939 919 1087 981 Acontius
1110 940 1139 980 v.
1151 929 1202 982 201
1225 941 1272 1001 sq.

728 1043 813 1096 matri
832 1043 899 1098 licet·
913 1043 1005 1097 omnia
1026 1057 1144 1112 narret,

462 1143 502 1198 nit
522 1148 578 1210 tua,
603 1141 733 1216 Cydippe,
753 1142 835 1215 sacta
857 1143 966 1198 ruboris
986 1136 1132 1222 habene).

279 1317 281 1322 ,
323 1276 438 1335 Verum
461 1275 544 1333 enim
565 1294 640 1333 vero
662 1275 724 1332 iarn
747 1274 939 1334 dissolvitur
961 1275 1072 1335 nodus.
1104 1296 1176 1334 narn
1190 1275 1356 1356 Cydippae

240 1384 329 1456 pater
346 1377 437 1454 inops
452 1377 562 1436 consili
575 1377 647 1435 aliis·
659 1375 742 1434 aliud
759 1376 986 1454 suspicantibus
1001 1376 1053 1455 (cf.
1069 1397 1118 1456 ep.
1131 1377 1215 1436 XXI
1226 1388 1259 1441 49
1270 1377 1354 1457 sqq.)

238 1497 356 1537 sacram
372 1478 559 1554 legationem
573 1477 715 1556 Delphos
731 1478 836 1550 mittit,
855 1498 934 1557 quae
950 1499 966 1538 e
991 1478 1049 1537 deo
1064 1479 1238 1538 miraculosi
1260 1480 1355 1538 infor·
1441 1518 1442 1524 ι

202 1625 205 1629 .
238 1579 305 1637 tuni
317 1587 484 1658 'quaereret
497 1567 634 1638 caussam
648 1575 701 1658 (ef.
717 1579 737 1638 l.
751 1599 777 1641 c.
794 1577 971 1658 v.231sq.).
994 1599 1052 1658 per
1066 1580 1147 1638 hunc
1164 1581 1266 1639 omnia
1281 1601 1354 1659 ape-

238 1681 365 1753 riuntur,
374 1675 401 1761 ²)
419 1700 503 1740 amor
518 1681 641 1754 Aconti,
655 1680 794 1774 dolosum
808 1681 930 1754 malum,
948 1679 1116 1760 Cydippae
1131 1681 1353 1740 iusiurandum.

306 1951 327 2016 ¹)
346 1953 384 2001 Et
395 1950 610 2002 Pseudoovidius
629 1951 738 2016 quidem
756 1951 967 2016 respondentem
986 1951 1057 2002 facit
1074 1951 1152 2000 illam
1170 1951 1236 2002 XXI
1248 1953 1297 2001 241
1311 1967 1352 2016 sq.

437 2054 561 2119 fassaque
578 2069 632 2103 ενοι
648 2056 725 2104 matri
741 2055 865 2118 deceptae
881 2054 991 2116 foedera
1009 2055 1120 2119 linquae,

473 2140 565 2188 lumina
579 2141 637 2202 fisca
655 2145 743 2188 tenens
758 2141 837 2202 plena
851 2140 961 2202 pudoris
978 2139 1058 2189 humo.

236 2255 330 2290 verum
353 2238 425 2289 haee
449 2238 514 2303 quid
537 2239 592 2288 sibi
614 2238 704 2288 velint
726 2239 815 2288 minus
838 2239 977 2304 pervideo.
1015 2239 1127 2289 turbant
1150 2239 1221 2289 enim
1240 2240 1353 2290 fabulae

237 2323 462 2376 concinnitatem.
490 2327 573 2388 atque
593 2326 702 2373 omnino
715 2324 744 2373 in
758 2323 901 2389 Cydippae
921 2323 1041 2388 epistula
1053 2325 1124 2375 iusto
1141 2324 1221 2390 plura
1239 2325 1353 2375 fabulae

237 2413 373 2458 momenta
391 2409 420 2457 in
438 2407 467 2456 id
485 2394 621 2474 eoguntur
639 2411 755 2472 tempus,
769 2425 821 2474 quo
836 2407 885 2458 illa
898 2408 984 2458 scribi
996 2407 1115 2474 fingitur.
1144 2409 1193 2458 sed
1205 2409 1351 2474 idem-pra·

235 2507 299 2542 vum
323 2493 441 2542 studium
464 2493 493 2542 in
516 2491 581 2543 aliis
605 2509 711 2558 quoque
734 2493 871 2544 nonnullis
896 2493 1022 2558 epistulis
1046 2493 1193 2544 Ovidianis
1222 2495 1352 2557 cernitur,

234 2593 260 2629 v.
279 2593 303 2627 c.
323 2593 366 2642 ep.
385 2577 424 2626 IX
442 2578 491 2628 143
504 2592 576 2641 sqq,
596 2577 724 2628 similiter
742 2577 807 2626 XXI
824 2580 873 2628 233
886 2591 946 2641 sqq.

301 2677 323 2743 2)
351 2677 448 2728 Sciens
475 2679 554 2729 omisi
582 2678 653 2743 quod
679 2678 732 2728 huc
755 2682 865 2744 poterat
888 2677 1053 2728 trahendum
1076 2678 1165 2728 videri
1189 2677 1353 2728 Callimachi

235 2764 287 2828 frg.
306 2764 357 2812 264
376 2763 449 2829 apud
467 2762 553 2813 schol.
571 2762 651 2812 Pind.
670 2763 752 2826 Pyth.
770 2763 810 2813 IV
828 2764 877 2813 104
900 2753 1051 2828 αὐτομάτῳ
1069 2754 1190 2827 κελάδῳ]
1211 2753 1263 2814 οὐκ
1281 2756 1351 2828 ἠρω-

235 2841 314 2913 τήθη
333 2840 388 2913 γὰρ
407 2839 487 2912 παρὰ
504 2845 556 2898 του
567 2841 678 2898 Βάττου
696 2843 763 2911 περλ
780 2845 831 2912 τῆς
849 2837 993 2908 ἀποικίας,
1012 2839 1168 2911 allisisset
1186 2844 1236 2912 τῆς
1254 2845 1353 2914 φωνῆς

236 2931 283 2998 [cf.
298 2933 400 2984 Herod.
413 2933 453 2984 IV
465 2929 534 2998 155].
560 2925 648 2983 lenes
667 2927 703 2998 δὴ
722 2928 772 2982 καὶ
790 2923 919 2997 αὕτσίρης
937 2924 952 2983 ὁ
968 2930 1102 2997 τρίπους,
1120 2923 1159 2991 αἱς
1169 2929 1353 2997 Καλλίμαχος

437 3023 565 3099 αὕτῶρης
583 3024 631 3085 ὅτε
648 3035 740 3086 τοῖσιν
760 3025 905 3100 ἐπέφραδε

234 3133 284 3186 καὶ
301 3129 365 3188 τότε
383 3126 513 3201 αὖτώρης
530 3125 547 3201 ἦ
567 3126 669 3200 μάντις
691 3129 810 3202 λέγεται,
829 3123 899 3186 ὅταν
911 3129 950 3201 μὴ
970 3126 1179 3201 βουλευομένου
1196 3126 1352 3199 cerdanepi

236 3211 303 3272 ὅτου
321 3209 384 3287 ἥκει
403 3210 630 3286 ἄπαυτοματίσῃ.
668 3221 772 3271 etenim
794 3237 880 3272 nexus
900 3236 952 3286 quo
970 3220 1039 3270 illud
1056 3219 1162 3285 profert
1180 3217 1351 3284 scholiogra-

234 3307 304 3372 phus
322 3323 364 3356 me
383 3309 488 3367 movet,
512 3309 543 3354 ut
562 3299 754 3356 Callimaehea
779 3321 883 3371 quoque
908 3307 942 3356 ad
960 3305 1038 3355 Batti
1054 3305 1199 3355 historiam
1218 3319 1351 3356 revocare

234 3389 342 3453 malim,
363 3391 397 3440 ad
416 3406 498 3456 quam
516 3389 637 3455 pertinet
656 3390 916 3456 eiusdemfrg.112.
954 3396 1075 3440 ceterum
1095 3390 1160 3454 quid
1178 3391 1215 3439 sit
1233 3386 1351 3452 τρίπους

235 3467 364 3541 αυτοίρης
387 3475 486 3526 melius
509 3489 591 3540 quam
613 3476 749 3540 interpres
768 3475 883 3526 Pindari
905 3480 933 3526 te
956 3475 1067 3526 docebit
1084 3476 1197 3526 Nonnus
1214 3474 1297 3526 Dion.
1317 3474 1351 3523 tv

235 3561 284 3610 289
297 3575 355 3626 sqq.
386 3560 419 3610 de
439 3559 542 3610 Cadmo
559 3559 648 3610 haece
666 3575 796 3610 narrans:

980 3655 1056 3712 ἔνθα
1074 3655 1193 3727 κιχήσας

437 3739 554 3813 Δελφὸν
572 3738 720 3814 ἄσιγήτοιο
738 3740 924 3812 μεσόμφαλον
942 3733 1034 3808 ἄξονα
1053 3744 1176 3803 Πυθοῦς

436 3823 620 3898 μαντοσύνην
639 3823 746 3896 ἐρέεινε
763 3829 813 3883 καλ
833 3826 967 3896 ἔμφρονα
985 3826 1102 3888 Πύθιος
1120 3819 1199 3892 ἄξων

436 3913 582 3968 κυκλόθεν
601 3906 777 3983 αυτοβόητος
796 3907 932 3967 ἐθέσπισε
950 3908 1063 3967 κοιλάδι
1083 3913 1173 3981 φωνῇ.

234 4017 309 4070 unde
328 4018 386 4069 iere
404 4019 572 4071 coniecerim
591 4019 791 4069 Callimachum
809 4019 968 4091 scripsisse:

942 4107 957 4171 δ
976 4117 1108 4185 τρίπους

437 4197 566 4273 αὗτώρης
584 4196 630 4258 ὅτε
648 4207 740 4259 τοῖσιν
758 4198 905 4272 ἐπέφραδε
923 4198 1038 4257 κοιλάδι
1057 4203 1146 4269 φανῇ.

234 4305 335 4372 τρίπος
353 4298 527 4374 αὖτοβόητος
544 4309 632 4363 Nona.
650 4310 732 4361 Dion.
750 4310 819 4360 Xlll
838 4311 895 4360 133.
931 4309 968 4358 cf.
988 4308 1020 4358 O.
1039 4307 1201 4358 Muellerum
1219 4306 1249 4354 in
1267 4307 1349 4357 Boet-

233 4392 317 4458 tigeri
334 4393 484 4444 Amalthea
501 4395 515 4444 I
533 4411 560 4460 p.
580 4397 638 4465 lii.
