3284 5158
662 381 893 445 -151-

333 554 428 614 miror
451 561 481 613 et
502 553 535 613 in
560 554 676 614 cunctis
699 555 815 614 stantia
836 556 927 633 signa
948 555 1040 630 locis,

291 657 385 716 miror
407 663 438 715 et
460 656 628 715 innumeris
651 663 795 716 structam
818 655 857 715 de
880 657 1022 718 cornibus
1046 678 1129 718 aram

226 769 275 820 100
340 766 371 817 et
395 756 435 817 de
459 776 520 838 qua
541 759 667 836 pariens
690 756 800 817 arbore
822 759 897 817 nixa
920 757 1017 832 deast,

294 867 325 918 et
348 879 427 938 quae
450 868 628 938 praeterea,
652 879 757 939 neque
780 861 862 919 enim
883 860 1049 920 meminive
1072 860 1188 920 libetve

336 959 482 1040 quicquid
504 959 548 1020 ibi
569 959 634 1019 vidi
659 961 778 1035 dicere,
799 961 898 1021 Delos
920 961 1025 1022 habet.

291 1061 421 1121 forsitan
443 1062 522 1122 haec
545 1068 690 1141 spontane
713 1082 732 1120 a
753 1070 785 1122 te
807 1061 987 1142 spectabat,
1011 1061 1141 1136 Aconti,

332 1164 462 1244 visaque
484 1165 665 1243 simplicitas
688 1172 735 1224 est
756 1183 825 1224 mea
847 1184 941 1244 posse
963 1164 1043 1244 capi.

221 1275 270 1327 105
293 1265 325 1324 in
348 1267 495 1344 templum
516 1266 613 1326 redeo
635 1263 781 1343 gradibus
804 1264 934 1325 sublime
956 1267 1097 1326 Dianae:

331 1367 426 1425 tutior
447 1369 503 1426 hoc
526 1369 631 1448 ecquis
655 1367 761 1427 debuit
783 1387 852 1426 esse
874 1367 981 1427 locus?

290 1468 419 1528 mittitur
441 1477 515 1528 anto
538 1468 635 1549 pedes
658 1469 770 1528 malum
793 1489 859 1529 oum
881 1470 1015 1528 carmine
1037 1469 1093 1529 tali
1115 1499 1156 1510 -

333 1570 362 1628 ei
384 1570 473 1644 mihi,
496 1571 595 1630 iuravi
617 1590 700 1631 nunc
722 1590 845 1652 quoque
868 1589 971 1650 paene
993 1570 1066 1629 tibil

289 1673 411 1732 sustulit
432 1673 491 1731 hoc
514 1673 618 1732 nutrix
638 1673 811 1753 mirataque
835 1671 993 1752 ‘perlege'
1018 1671 1114 1731 dixit:

221 1783 285 1836 110.
333 1773 464 1833 insidias
487 1774 565 1852 legi,
588 1780 832 1853 magnopolim,
855 1783 933 1833 tuas.

289 1875 415 1936 nomine
438 1876 575 1953 coniugii,
596 1875 676 1935 dicto
700 1875 827 1936 confusa
849 1876 968 1955 pudore

331 1977 416 2036 sensi
438 1996 486 2036 me
507 1977 580 2036 totis
604 1975 760 2036 erubuisse
783 1977 888 2056 genis,

290 2078 477 2160 luminaque
490 2079 523 2136 in
546 2079 663 2154 gremio
685 2078 783 2138 veluti
806 2077 908 2137 defixa
930 2076 1089 2152 tenebam,

333 2179 449 2238 lumina
471 2180 623 2259 propositi
645 2179 729 2239 facta
750 2179 889 2239 ministra
911 2179 966 2239 tui.

221 2291 268 2342 115
291 2279 438 2359 inprobe,
463 2280 538 2359 quid
561 2281 701 2358 gaudes?
731 2289 782 2340 aut
805 2300 885 2360 quae
907 2279 964 2340 tibi
985 2281 1084 2360 gloria
1105 2275 1224 2360 partast

332 2381 447 2460 quidve
469 2383 518 2440 vir
540 2383 627 2441 elusa
648 2383 770 2459 virgine
792 2381 892 2441 laudis
914 2381 1033 2441 habes?

287 2503 352 2542 non
375 2501 432 2560 ego
457 2484 653 2542 constiteram
674 2490 796 2561 sumpta
817 2485 936 2563 peltata
958 2483 1073 2555 securi,

331 2585 430 2664 qualis
452 2586 485 2643 in
508 2584 603 2644 Iliaco
626 2583 830 2642 Penthesilea
851 2585 928 2657 solo,

287 2686 389 2746 nullus
412 2686 582 2745 Amazonio
606 2686 742 2745 caelatus
763 2683 885 2744 balteus
908 2705 997 2758 auro,
1039 2702 1046 2708 ·

220 2796 268 2848 120
333 2788 411 2846 sicut
433 2785 471 2846 ab
494 2787 685 2868 Hippolyte,
710 2785 830 2867 praeda
851 2786 951 2845 relata
972 2786 1069 2845 tibist.

287 2888 383 2948 verba
406 2888 480 2968 quid
503 2889 623 2950 exultas
645 2897 698 2947 tua
720 2889 746 2948 si
768 2888 842 2948 mihi
864 2886 960 2946 verba
983 2887 1150 2960 dederunt,

329 3009 458 3069 sumque
480 3009 588 3070 parum
609 2989 748 3069 prudens
772 2998 864 3070 capta
886 2990 992 3069 puella
1015 2988 1118 3048 dolis?

288 3091 457 3173 Cydippen
479 3111 617 3172 pomum,
641 3112 765 3171 pomum
787 3090 988 3152 Schoeneida
1011 3090 1110 3170 cepit:

328 3202 362 3254 tu
383 3213 466 3252 nuno
487 3193 703 3273 Hippomenes
727 3193 845 3252 scilicet
867 3193 945 3251 alter
968 3193 1038 3252 eris.

220 3303 267 3356 125
290 3302 322 3353 at
344 3295 446 3355 iuerat
466 3296 590 3369 melius,
614 3295 641 3354 si
662 3302 694 3353 tc
717 3313 795 3374 puer
816 3295 875 3354 iste
898 3292 1039 3366 tenebat,

332 3415 423 3476 quem
444 3404 478 3456 tu
500 3397 605 3458 nescio
629 3415 706 3476 quas
729 3395 806 3456 diois
829 3395 943 3455 habere
966 3395 1067 3468 vices,

286 3517 370 3556 more
392 3495 481 3558 bonis
505 3498 596 3558 solito
620 3519 708 3578 spem
730 3518 794 3556 non
817 3515 1012 3576 corrumpere
1035 3494 1163 3554 fraude:

286 3748 312 3784 v.
326 3734 375 3783 100
393 3739 418 3782 et
435 3734 485 3783 deu
503 3749 553 3798 qua
568 3737 676 3798 pandens
694 3732 787 3784 arbore
806 3734 870 3781 nixa
885 3733 938 3794 fuit
954 3732 1136 3781 Burmannus.
1148 3754 1183 3770 ·-
1199 3745 1225 3781 v.
1245 3731 1295 3780 106
1313 3738 1338 3780 et

217 3818 271 3882 quis
289 3833 310 3877 r,
330 3819 461 3891 aequis-v.
475 3843 509 3852 -
526 3832 552 3870 v.
566 3818 615 3868 109
632 3819 679 3868 hoc
697 3817 810 3867 coninua
826 3817 872 3866 Pa
883 3831 909 3865 v.
927 3841 954 3849 -
974 3832 998 3866 v.
1014 3816 1062 3865 110
1079 3818 1134 3881 lepe
1152 3817 1185 3868 L.
1196 3841 1230 3850 -
1247 3816 1337 3864 v.115

216 3901 328 3966 improbe
346 3902 369 3952 L
383 3901 427 3952 1³3
440 3917 453 3950 r
464 3918 491 3953 v.
508 3928 543 3940 -
559 3916 586 3952 v.
605 3903 653 3952 117
671 3915 760 3950 secure
777 3899 800 3948 L
814 3900 859 3950 Pe
871 3915 903 3958 v,
921 3901 1006 3949 securi
1023 3915 1044 3948 r.
1064 3925 1094 3935 —-
1113 3915 1139 3949 v.
1155 3900 1203 3950 119
1221 3899 1335 3948 baltheus

216 4029 248 4077 L.
262 4056 295 4063 —
313 4045 339 4080 v.
354 4031 403 4079 120
415 4029 554 4093 Hippolitu
566 4029 598 4091 L,
612 3992 743 4092 hippolyti)
755 4026 809 4085 1³3,
822 4025 948 4090 Hipolida
959 4042 985 4075 v.
998 4053 1033 4060 -
1049 4041 1075 4076 v.
1089 4026 1137 4074 121
1151 4039 1190 4088 sq.
1203 4023 1336 4088 suspecti.

176 4129 181 4136 Ι
219 4181 247 4192 -
266 4172 292 4205 v.
313 4156 362 4206 123
378 4157 503 4206 oaeneida
519 4154 606 4216 Psv,
631 4154 744 4204 Geneida
761 4169 782 4203 r.
804 4179 833 4188 —
858 4168 884 4205 v.
904 4153 953 4202 124
970 4117 1133 4216 dippomdnes
1149 4150 1208 4213 Pe,
1231 4149 1335 4213 Hippo-

217 4255 301 4290 manes
318 4256 339 4302 r,
359 4241 523 4305 hippomanes
540 4255 565 4289 v.
583 4265 617 4274 -
634 4253 660 4288 v.
674 4239 722 4287 126
738 4238 811 4302 faces
823 4236 846 4285 L
859 4237 903 4286 P3
916 4252 929 4285 r
941 4252 973 4298 v,
993 4236 1093 4300 scripsi
1109 4237 1186 4286 vices.
1212 4233 1249 4283 cl.
1263 4246 1335 4297 quas

219 4322 357 4390 disputavi
375 4339 401 4389 p.
421 4325 463 4376 62.
481 4349 512 4357 -
532 4338 558 4373 v.
572 4323 619 4372 127
638 4322 697 4371 boni
707 4325 781 4372 solito
794 4322 838 4372 P3
850 4337 863 4370 r
875 4337 901 4381 v,
918 4321 994 4386 proci
1009 4321 1083 4371 solito
1101 4317 1253 4369 Bentleius.
