3254 5158
753 413 963 477 „16-

300 587 366 647 XX
381 585 427 664 59)
452 596 482 646 et
497 587 726 665 Propertius
741 587 788 647 IV
802 594 828 660 3,
852 595 1037 666 praeterque
1059 587 1115 647 hos
1139 607 1178 646 ex
1197 596 1288 666 parte
1311 600 1417 650 auctor

302 689 505 767 cynegeticon
529 687 581 766 qui
597 684 761 765 Oppianus
784 686 926 746 dicitan
948 693 980 748 16
995 707 1064 767 sqq.
1095 690 1293 749 sexcentiens
1315 701 1416 751 autem

300 791 433 849 Romani
455 797 567 868 poetae
596 809 650 848 suo
680 789 794 867 passim
822 789 991 866 gloriantur
1020 808 1087 847 cum
1108 790 1205 849 Musis
1236 794 1415 853 commercio

300 891 470 972 haustaque
502 890 561 948 sibi
593 910 680 949 sacra
711 888 868 968 Apollinis
900 909 994 969 aqua,
1030 891 1132 970 quode
1165 890 1247 951 hena
1280 893 1416 972 disputat

300 991 447 1051 Lehrsius
474 991 580 1070 popul.
611 990 716 1049 Aufss.
745 999 849 1069 plui
873 1010 920 1070 sq.
965 1011 1036 1050 narn
1066 992 1278 1070 cogitabantur
1305 995 1336 1053 hi
1366 995 1417 1054 vel

302 1093 373 1152 dum
395 1093 428 1151 in
451 1111 577 1151 nemora
600 1101 630 1151 et
651 1093 736 1152 lucos
759 1091 943 1152 recederent
956 1093 1053 1152 Musis
1079 1093 1238 1154 oberrasse
1253 1096 1414 1155 Heliconis

301 1195 508 1273 Parnassique
531 1200 620 1252 antra
641 1191 884 1272 habitantibus¹)
907 1194 959 1252 vel
981 1213 1038 1272 per
1061 1214 1200 1254 somnum
1221 1196 1330 1255 eodem
1347 1217 1414 1256 esse

301 1295 402 1354 animo
425 1294 548 1354 abducti
571 1303 663 1373 atque
695 1295 874 1353 entheam
897 1314 1029 1374 aquam
1052 1294 1205 1355 bibisse
1228 1296 1349 1356 abillis
1372 1298 1414 1356 ibi

300 1396 511 1455 ministratam.
566 1396 672 1476 itaque
707 1415 774 1455 cum
808 1395 1012 1455 Callimachus
1047 1416 1170 1477 qnoque
1204 1417 1320 1456 sacram
1357 1399 1414 1457 sibi

301 1517 411 1577 aquam
438 1518 456 1555 a
485 1496 628 1576 Calliope
654 1497 688 1555 in
715 1497 868 1556 Helicone
898 1495 1000 1556 datam
1028 1498 1135 1576 procul
1163 1497 1254 1559 dnbio
1281 1501 1413 1572 finxerit,

300 1601 366 1657 veri
394 1599 559 1658 admodum
587 1619 677 1678 quam
705 1599 804 1658 simile
832 1607 892 1672 est,
925 1598 965 1657 ad
992 1599 1074 1657 hunc
1102 1599 1291 1678 potissimum
1319 1601 1414 1659 verba

300 1709 439 1779 spectare
462 1697 497 1757 οἴ
514 1744 521 1757 .
542 1741 577 1758 ..
610 1691 722 1774 κρήνης
744 1694 773 1770 ἐξ
796 1697 876 1776 ίερῆς
904 1697 1002 1757 πίνετε
1031 1688 1113 1757 λιτὸν
1141 1691 1229 1776 ὕδωρ.
1275 1703 1323 1760 cui
1344 1723 1412 1762 scn-

300 1801 416 1860 tentiae
439 1808 470 1860 et
492 1794 574 1857 λιτόν
597 1802 722 1879 egregie
745 1801 840 1859 favet.
863 1821 935 1860 nam
958 1803 1114 1875 paullulum
1136 1820 1226 1876 aquae
1248 1804 1411 1860 carminum

300 1911 387 1960 notat
409 1902 594 1980 parvitatem
615 1902 706 1959 solita
727 1900 938 1960 translatione.
973 1891 1150 1977 ὗδροττότοις
1172 1923 1229 1981 per
1250 1901 1413 1961 ludibrium

299 2004 372 2062 hinc
402 2003 490 2062 dictis
518 2011 717 2082 opponuntur
738 2001 999 2061 Archilochus
1027 2003 1185 2083 virilisque
1211 2003 1411 2076 Homerus,

300 2114 333 2164 ut
355 2103 463 2184 quihus
486 2106 614 2163 vinum
636 2103 784 2164 libaturus
807 2104 847 2163 sit
868 2112 977 2181 poeta,
1002 2103 1085 2182 quod
1108 2103 1149 2163 ad
1171 2103 1288 2162 natalia
1302 2104 1412 2163 utrius-

301 2226 360 2286 que
382 2213 493 2284 poetae
516 2204 625 2264 eodem
647 2204 697 2263 die
721 2225 740 2262 a
762 2205 889 2265 Graecis
917 2205 1071 2264 celebrata
1098 2204 1299 2283 probabiliter
1320 2213 1412 2264 rettu-

300 2309 374 2366 lere.
401 2306 463 2366 iam
479 2307 553 2365 mihi
576 2307 644 2384 quis
667 2325 740 2365 casu
762 2306 829 2364 fieri
852 2305 942 2379 dicat,
967 2305 1051 2384 quod
1066 2307 1265 2385 contemptim
1281 2307 1413 2365 cundem

299 2408 516 2467 Archilochum
538 2415 572 2467 ut
593 2407 785 2466 vinolentum
806 2407 947 2486 increpat
969 2405 1173 2466 Callimachus
1196 2407 1254 2486 frg.
1278 2418 1344 2470 223:
1470 2475 1474 2482 ι

947 2540 1001 2602 τοῦ
1022 2541 1213 2619 perculsique

503 2642 644 2720 φροίμιον
660 2634 843 2721 Ἀρχιλόχου.
857 2640 883 2720 ²)

301 2803 372 2841 nam
408 2782 492 2862 quod
528 2780 688 2859 legebatur
717 2766 889 2856 Ἀντιλόχου
927 2779 1040 2838 dudum
1074 2777 1206 2838 ebrrexit
1238 2778 1413 2838 Meinekius

302 2884 412 2943 delect.
436 2904 466 2963 p.
486 2892 532 2944 121
556 2890 687 2962 postque
709 2881 790 2941 hunc
805 2882 966 2942 Heckerus
989 2889 1152 2940 comment.
1169 2880 1288 2940 Callim.
1305 2902 1335 2959 p.
1356 2888 1413 2940 146.

300 2985 376 3045 haec
399 2985 480 3044 enim
502 2986 627 3044 nomina
649 2983 753 3043 crebro
777 2982 1018 3043 confunduntur.
1042 2983 1082 3041 cf.
1098 2980 1212 3058 Bergk.
1236 2990 1332 3061 poett.
1355 2982 1413 3060 lyr.

300 3108 330 3165 p.
354 3095 406 3149 575
433 3105 489 3165 sq,
519 3087 573 3165 qui
601 3086 716 3145 addere
743 3092 879 3165 poterat,
910 3082 994 3162 quod
1022 3083 1055 3139 in
1084 3091 1177 3159 etym.
1206 3081 1287 3142 Gne.
1312 3091 1370 3152 180,
1397 3090 1416 3140 8
1455 3091 1458 3097 “

300 3209 356 3267 pro
368 3177 535 3262 Ἀντίλοχον
555 3186 751 3248 scribendum
773 3174 1009 3261 οο1Ἀρχίλοχον.
1033 3201 1070 3240 ex
1086 3179 1297 3241 Archilocheis
1313 3189 1415 3240 autem

368 3423 389 3487 ¹)
407 3423 500 3474 Veluti
517 3439 543 3474 v.
563 3439 585 3475 e.
598 3423 702 3490 Vergil,
721 3420 812 3473 bucol.
830 3420 868 3470 VI
886 3419 920 3467 64
931 3431 991 3481 sqq.
1010 3415 1043 3465 de
1063 3414 1153 3465 Gallo.
1169 3471 1171 3476 ¹
1190 3431 1224 3464 ac
1242 3414 1331 3464 simile
1352 3415 1415 3478 quid

300 3508 356 3556 iam
378 3509 500 3558 incertus
523 3508 626 3572 lyricus
648 3508 823 3565 narraverat,
847 3503 925 3551 cuius
948 3500 1001 3565 frg.
1020 3503 1063 3549 est
1080 3501 1109 3548 in
1128 3504 1210 3562 etym.
1230 3513 1264 3548 m.
1283 3498 1347 3588 513,
1369 3499 1413 3545 18:

300 3589 441 3656 Κιὸαλίης
459 3590 596 3657 κρηνίδος
615 3584 795 3656 ἐπλανήθην.

367 3677 388 3738 l)
406 3677 551 3727 Bentleius
574 3678 713 3741 optionem
737 3673 812 3722 dedit
835 3670 939 3721 velita
963 3670 1147 3734 fragmentum
1170 3665 1347 3730 concipiendi
1371 3665 1415 3714 vel

300 3767 500 3826 pentametrum
518 3761 628 3826 plenum
647 3757 787 3809 efficiendi
805 3753 905 3806 vocula
922 3768 952 3803 τε
971 3758 1033 3818 post
1050 3750 1100 3802 τοῦ
1113 3751 1270 3802 inserenda.
1303 3765 1415 3814 quorum

299 3847 437 3911 posterius
460 3845 567 3911 placuit
585 3840 772 3895 Valckenario
790 3839 899 3890 Gallim.
918 3839 989 3902 eleg.
1010 3838 1082 3903 frgg.
1100 3855 1127 3902 p.
1140 3837 1199 3896 296,
1217 3835 1326 3886 Naekio
1344 3835 1413 3883 Hec.

300 3948 326 3996 p.
347 3932 394 3981 140
418 3935 446 3980 et
462 3929 603 3982 Meinekio
627 3926 727 3976 delecl.
749 3943 776 3991 p.
796 3926 859 3988 121,
884 3922 930 3973 cll.
951 3922 1060 3974 Callim.
1077 3939 1105 3988 p.
1124 3922 1173 3971 272
1191 3936 1228 3983 n.,
1254 3920 1330 3986 prius
1347 3919 1414 3968 mihi

299 4016 440 4081 probatur.
477 4030 540 4063 nam
562 4014 616 4062 hac
639 4010 745 4061 ratione
769 4026 830 4060 cum
853 4008 930 4058 nulla
951 4022 1018 4072 opus
1037 4005 1073 4056 sit
1091 4006 1256 4068 mutatione,
1281 4009 1338 4053 tum
1357 4017 1415 4051 cor·

300 4105 407 4166 reptem
425 4100 513 4149 hahes
531 4115 549 4148 ο
566 4097 595 4145 in
613 4093 800 4161 μεθοτίῆγος
819 4110 853 4144 ea
869 4094 932 4159 ipsa
950 4106 1046 4144 versus
1064 4090 1139 4153 sede,
1159 4106 1213 4156 qna
1226 4086 1415 4139 Callimachus

295 4191 329 4235 'et
352 4186 422 4235 alias
446 4182 560 4247 corripit
577 4180 701 4231 vocalem
721 4179 845 4242 brevem,
871 4178 988 4242 quaein
1012 4177 1106 4227 eodem
1129 4173 1267 4227 vocabulo
1287 4185 1416 4235 praegre-

300 4271 393 4320 diatur
414 4271 518 4317 mutam
542 4281 603 4314 cum
625 4264 740 4330 liquida.
776 4264 813 4314 cf.
837 4265 866 4310 in
885 4261 978 4312 Ceret.
998 4263 1030 4312 36
1054 4251 1227 4324 (cirritanus),
1252 4270 1295 4321 ep.
1317 4254 1381 4303 XVI
1399 4255 1415 4301 3

300 4348 480 4421 (ἄποβρίζει).
508 4365 560 4414 qua
579 4350 613 4400 de
631 4366 660 4400 re
679 4365 775 4415 parum
789 4344 923 4399 accurata
936 4351 979 4396 est
990 4346 1081 4398 Naeki
1099 4345 1116 4395 l.
1137 4360 1160 4392 c.
1180 4338 1341 4406 disputatio.
