3254 5158
745 439 956 504 ape„

293 619 387 698 idque
416 615 605 697 gravissimis
634 613 786 674 erroribus
809 613 986 674 Heolrerum
1007 614 1028 672 l.
1052 629 1077 673 c.
1100 635 1132 694 p.
1155 620 1189 678 49
1211 635 1281 694 sqq.
1308 614 1407 696 impli-

294 721 368 794 cuit,
393 739 452 779 nec
474 719 545 780 dum
566 718 712 776 inventus
736 725 796 790 est,
822 717 874 795 qui
895 717 973 775 haec
988 716 1176 776 conciliaret.
1205 723 1236 774 et
1250 705 1283 775 in
1300 726 1408 795 aperto

292 843 341 881 res
369 828 425 881 est.
472 821 585 880 etenim
614 840 681 879 cum
710 817 913 878 Callimachus
943 817 983 876 de
1010 837 1044 876 se
1076 817 1154 877 illud
1182 817 1297 877 dixisse
1324 818 1407 878 haud

294 943 447 1005 quaquam
461 923 572 1001 possit,
596 942 652 1001 pro
675 920 826 1001 particula
847 919 881 978 id
902 917 1078 980 habendum
1101 928 1147 978 est
1169 920 1406 999 epigrammatis,

294 1025 376 1106 quod
398 1025 479 1084 tituli
499 1025 597 1083 instar
620 1023 652 1081 in
675 1023 810 1102 aliquem
834 1023 953 1100 epicum
974 1029 1112 1100 poetam,
1136 1021 1169 1078 ni
1185 1020 1264 1080 fallit
1279 1023 1406 1096 animus,

292 1129 331 1186 in
354 1128 474 1207 ipsum
488 1126 692 1185 Homerum
715 1131 780 1184 erat
802 1125 1011 1202 compositum.
1042 1122 1179 1182 adhunc
1196 1124 1276 1182 enim
1294 1123 1409 1183 ducunt

292 1229 422 1288 Pindari
449 1227 678 1306 scholiographi
705 1225 816 1299 verba,
854 1224 963 1306 quihus
992 1225 1051 1303 frg.
1080 1223 1208 1284 adhibet
1237 1224 1290 1302 (ad
1318 1227 1406 1284 Nem.

293 1332 326 1390 ΙΙ
351 1328 396 1407 l),
426 1338 458 1388 et
486 1327 596 1389 eodem
623 1347 671 1386 me
700 1327 836 1386 reddunt
863 1347 1052 1407 propensum
1080 1324 1210 1386 Pindari
1239 1327 1272 1386 hi
1300 1345 1408 1387 versus

293 1431 399 1492 Isthm.
422 1431 469 1491 IV
493 1426 570 1509 (111)
596 1437 628 1492 61
651 1449 720 1509 sqq.

417 1571 483 1640 ἄλλ’
497 1571 630 1658 Ὅμηρός
652 1599 698 1639 τοι
719 1579 872 1658 τετίμακεν
895 1570 935 1638 δι’
960 1568 1202 1656 ἆνθρώπων,’ὸ“ς
1224 1571 1318 1639 αὐτοῦ

418 1682 516 1741 πᾶσαν
538 1673 690 1759 ὀρθώσαις
711 1669 820 1756 ἀρετὰν
842 1673 934 1740 κατὰ
956 1674 1095 1760 ῥάβδον
1119 1679 1282 1760 ἔφρασεν

418 1781 583 1842 θεσπεσίων
605 1779 698 1847 ἐπέων
720 1787 833 1854 λοιποῖς
855 1775 983 1861 ἀθύρειν
994 1779 1032 1862 ¹).

375 1972 405 2031 Α
421 1971 620 2031 Callimachei
644 1971 871 2050 epigrammatis
886 1969 1032 2031 XXVIII
1054 1972 1200 2030 universa
1215 1971 1246 2030 vi
1267 1971 1408 2050 profecta

291 2075 335 2135 ita
357 2072 447 2132 nobis
470 2092 634 2152 progressa
656 2073 733 2131 ratio
757 2080 818 2144 est,
845 2079 879 2130 ut
901 2092 982 2152 quae
1006 2070 1045 2156 de
1070 2071 1258 2142 Callimacho
1281 2073 1408 2132 Homeri

292 2175 465 2235 auctoritati
485 2193 555 2233 sese
571 2181 750 2253 opponente
774 2173 1046 2252 disputaverimus,
1071 2194 1108 2233 ea
1124 2194 1191 2232 cum
1206 2182 1290 2234 certa
1305 2175 1409 2254 aliqua

291 2276 442 2356 poematis
477 2275 586 2354 cyclici
620 2275 877 2354 interpretatione
905 2294 964 2334 neo
992 2282 1075 2334 stent
1102 2295 1160 2334 nec
1194 2285 1298 2350 ruant,
1333 2297 1407 2357 quo·
1499 2282 1514 2304 ’

292 2379 374 2436 niam
396 2378 457 2436 suis
480 2377 618 2437 nituntur
640 2385 688 2435 sat
709 2378 801 2436 firmis
824 2375 1042 2437 fundamentis.
1074 2387 1200 2436 atvero
1225 2398 1304 2458 quae
1327 2399 1408 2438 nune

249 2467 251 2472 ⁵
291 2477 488 2559 probavimus
511 2479 713 2554 argumentis,
738 2497 775 2536 ea
798 2477 889 2537 facile
911 2486 1073 2537 retrorsum
1095 2480 1199 2538 valere
1221 2479 1429 2540 videbuntur·

290 2582 323 2640 in
347 2579 578 2659 expediendum
599 2599 710 2659 poema
725 2580 882 2658 cyclicum.
912 2577 995 2638 haud
1013 2580 1095 2638 enim
1109 2571 1318 2659 spernendam
1333 2581 1407 2641 inde

290 2681 514 2761 probabilitatis
538 2681 673 2759 speciem
696 2682 740 2740 eis
764 2681 928 2754 accedere,
954 2701 1033 2762 quae
1049 2702 1116 2741 cum
1132 2683 1184 2740 alii
1198 2691 1261 2742 tum
1277 2681 1407 2742 manime

291 2783 457 2844 Salmasius
482 2782 650 2842 exercitatt.
673 2773 756 2841 Plin.
779 2803 811 2863 p.
833 2781 916 2844 601h
941 2791 971 2842 et
992 2784 1029 2841 F.
1052 2783 1092 2842 Α.
1114 2783 1244 2844 Wolfius
1267 2785 1405 2846 Vorless.

289 2885 366 2946 iiber
395 2883 425 2943 d.
450 2883 562 2944 Gcsch.
586 2884 616 2962 d.
645 2885 759 2961 griech.
783 2885 856 2943 Litt.
885 2905 916 2962 p.
942 2891 992 2946 178
1020 2885 1140 2963 cyclum
1168 2887 1287 2964 epicum
1317 2887 1407 2946 attin-

290 2995 399 3067 gentes
424 2985 463 3046 de
485 2986 644 3063 praesenti
665 2985 733 3044 loco
756 3005 908 3044 unacum
937 2986 1088 3045 erroribus
1118 2987 1305 3064 gravissimis
1328 2989 1407 3048 iece-

289 3097 360 3148 runt
382 3087 482 3166 potius
506 3107 597 3168 quam
619 3086 822 3163 argumentati
844 3095 929 3159 sunt,
959 3087 1060 3166 quivis
1089 3089 1234 3149 continuo
1263 3087 1406 3168 pervide·

288 3342 342 3390 huc
361 3344 489 3405 spectare
507 3341 582 3402 puto,
600 3352 656 3387 non
675 3336 710 3387 ad
722 3338 783 3388 Nic.
799 3338 871 3388 alex.
885 3340 942 3403 517,
962 3338 1131 3404 Hesychium
1149 3329 1262 3405 dussis·
1281 3334 1406 3406 μακρόν·

291 3416 337 3478 δι’
354 3416 452 3488 ὅλου,
467 3421 537 3488 quod
550 3426 671 3472 nostrum
685 3427 727 3472 est
739 3425 765 3472 in
776 3423 873 3472 Eiaem.
893 3428 922 3472 at
933 3427 1044 3488 poterat
1054 3425 1209 3478 Meinekius
1224 3425 1407 3491 aliquomodo

290 3523 440 3576 provocare
455 3507 490 3556 ad
503 3506 624 3571 Hesych.
639 3499 800 3572 αἰζηνεκές·
820 3500 959 3572 διηνεκές,
975 3499 1102 3573 αἰώνιον,
1115 3509 1163 3558 nbi
1176 3525 1201 3560 v.
1215 3509 1407 3562 Schmidtium.

291 3596 335 3645 ad.
350 3585 532 3657 δειὸενμὲνος
555 3591 664 3656 supplet
687 3592 833 3642 Heclrerus
856 3584 942 3658 ἐννέα
964 3584 1096 3652 Μούσας.
1131 3594 1180 3644 sed
1202 3595 1294 3660 potius
1319 3595 1407 3645 credi-

290 3681 376 3730 derim
396 3676 507 3742 aliquod
526 3674 613 3726 fuisse
632 3676 836 3728 substantivum
854 3681 917 3742 post
935 3671 1119 3743 δειδενμένος
1133 3694 1149 3728 a
1163 3694 1214 3744 quo
1227 3680 1360 3744 penderet
1378 3681 1406 3730 in

289 3763 467 3828 sequentibus
485 3759 613 3812 Μουσῶν
634 3760 680 3812 vel
703 3754 782 3826 παρὰ
800 3759 935 3812 Μουσῶν.
972 3761 1160 3814 Callimachus
1184 3763 1237 3828 frg.
1257 3767 1289 3815 32
1314 3757 1407 3816 dstde'-
1445 3789 1447 3794 ·

292 3863 385 3912 χαται.
416 3845 573 3910 Hesychius
593 3840 784 3911 δειᾶενμένοι·
804 3841 994 3911 δεξιούμενοι.

357 3963 378 4028 ¹)
396 3963 471 4013 Hinc
493 3963 592 4014 Suidas
614 3965 696 4029 petiit
719 3963 806 4015 verba
826 3957 900 4016 acad
926 3957 1036 4030 ῥάβδον
1060 3960 1179 4030 ἔφρασε,
1208 3979 1278 4030 quae
1296 3967 1407 4018 Hecke-

289 4065 334 4102 rus
355 4049 373 4100 l.
395 4064 417 4100 c.
441 4063 466 4112 p.
486 4049 533 4097 111
558 4046 758 4098 Callimachum
782 4065 881 4115 sapere
904 4053 991 4116 putat.
1011 4078 1044 4088 -
1062 4056 1184 4101 ceterum
1207 4051 1273 4101 talis
1296 4050 1407 4102 videtur
1503 4085 1507 4092 -

288 4135 363 4186 tituli
387 4131 526 4198 particula
550 4145 610 4180 essa
636 4133 719 4181 etiarn
739 4133 791 4198 frg.
810 4136 860 4185 460
888 4127 1029 4186 Μουσέων
1054 4127 1120 4186 δὀὐ
1143 4128 1220 4201 potui
1238 4127 1325 4199 φιδός
1343 4126 1405 4200 ἐγώ,

289 4234 360 4284 quae
379 4220 504 4283 apertam
522 4214 590 4264 mihi
608 4215 813 4267 cavillationem
832 4219 937 4269 referre
955 4220 1091 4284 videntur,
1109 4225 1140 4270 ut
1152 4220 1354 4271 Callimachum
1372 4220 1406 4271 de

289 4319 320 4354 se
343 4302 393 4352 illa
415 4299 613 4366 pronunciasse
636 4303 683 4350 vix
707 4300 817 4352 credam
835 4302 965 4356 Heckero
983 4305 1002 4355 l.
1022 4322 1046 4356 o.
1065 4323 1091 4370 p.
1111 4307 1144 4355 56
1157 4319 1196 4369 sq.
1214 4307 1245 4368 ¹et
1262 4304 1405 4356 Meinekio

288 4387 308 4437 l.
328 4403 352 4438 c.
370 4403 396 4453 p.
415 4387 464 4436 272
483 4399 509 4435 n.
