3254 5158
673 447 883 510 -29-

219 626 325 678 mente
357 617 414 677 der
436 617 510 676 aitia
540 617 595 677 des
617 619 827 678 Kallimachos
849 639 880 698 p.
903 627 953 693 42,
982 621 1016 678 in
1043 621 1104 679 fine
1128 619 1334 680 exhibendum

221 719 401 779 Callimachi
423 719 481 797 frg.
506 727 599 798 etym.
622 739 660 778 m.
684 740 716 799 p.
738 727 804 793 223,
824 729 871 783 33:
899 715 1026 798 γέγειος,
1055 710 1231 799 ὁᾶρχαῖος,
1254 712 1335 800 παρὰ

213 812 384 902 Ἕπαταίῳ*
406 815 458 878 καὶ
480 818 666 896 Καλλίμαχος

493 925 588 950 ’,θ

482 936 541 1015 ηρ
578 930 623 996 ότι
645 927 702 1007 τός
723 927 740 996 ὁ
762 933 873 1016 γίγειος
894 935 953 1015 ἔχει
975 930 1066 1018 λόγος.
1344 955 1353 996 1
1403 1020 1405 1024 .

221 1089 401 1149 Callimachi
432 1089 514 1148 enirn
543 1109 656 1147 nomen
688 1110 704 1149 e
734 1091 872 1152 codicum
901 1091 1001 1149 καλῶν
1033 1092 1072 1170 (I)
1093 1092 1184 1170 καί)
1200 1088 1225 1170 ¹)
1248 1093 1335 1154 ieruit

219 1192 380 1250 Bentleius
404 1190 443 1248 ad
460 1189 580 1250 Callim.
606 1181 663 1268 frg.
685 1203 741 1266 103,
765 1193 922 1272 verbaque
945 1203 1057 1272 poetae
1072 1194 1234 1253 Heclrerus
1257 1214 1335 1254 corn-

218 1301 313 1351 ment.
338 1291 458 1354 Callim.
482 1313 513 1371 p.
539 1303 589 1354 110
616 1292 754 1370 perbene
783 1294 823 1352 ad
855 1293 1031 1374 Cydippam
1060 1296 1178 1354 rettulit
1205 1297 1336 1388 conlatis

108 1405 111 1412 '
219 1395 456 1452 Aristaeneteae
481 1393 632 1471 epistolae
654 1393 738 1452 hisce
770 1394 890 1454 verbis:
923 1385 1018 1474 όγόρ
1040 1385 1165 1464 παλαιός
1195 1389 1280 1473 λόγος
1303 1387 1335 1454 εὐ

171 1485 172 1488 “
219 1491 293 1570 ἔχει,
326 1484 372 1552 ότι
398 1483 501 1570 όμοιον
535 1484 627 1575 ὁμοίῳ
655 1485 731 1552 κατα
764 1498 851 1570 θεῖοι
877 1487 924 1552 ἀεὶ
952 1488 1153 1578 προσπελάζει.
1170 1495 1200 1573 ²)
1252 1497 1335 1577 quod

221 1597 301 1655 enim
324 1597 364 1655 ad
387 1615 473 1655 usum
497 1597 632 1675 pertinet
654 1578 673 1669 ἦ
696 1593 733 1674 ῥα
755 1597 917 1666 formulae,
943 1617 980 1656 ea
1002 1600 1182 1677 plerumque
1205 1600 1335 1657 sanein

218 1699 462 1775 interrogatione
490 1699 585 1756 utitur
614 1696 828 1758 Callimachus.
855 1699 894 1758 cf.
923 1700 956 1757 in
978 1700 1050 1758 Del.
1073 1709 1116 1772 83,
1142 1709 1206 1772 111,
1237 1699 1333 1777 epigr.

219 1800 304 1858 XIII
327 1811 351 1861 1.
376 1799 414 1857 de
439 1799 535 1877 epigr.
558 1799 657 1856 XXX
679 1808 696 1862 3
724 1820 839 1880 anceps
866 1801 991 1859 haereo.
1014 1801 1071 1860 sed
1100 1802 1197 1879 epigr.
1219 1800 1297 1860 LXI
1319 1809 1336 1862 3

219 1900 472 1977 interrogationis
510 1900 630 1977 signum
667 1901 825 1972 Meinekio
865 1910 931 1962 erat
968 1902 1147 1980 ponendum
1183 1901 1334 1960 suadente

218 2002 316 2060 latina
337 2002 481 2060 versione
501 2001 590 2060 huius
615 2002 856 2080 epigrammatis,
882 2024 961 2083 quae
985 2012 1032 2062 est
1053 2005 1135 2062 inter
1156 2003 1336 2080 Vergiliana

219 2104 368 2162 catalecta
383 2102 472 2162 XIV.
482 2097 508 2178 ³)
533 2110 639 2160 contra
662 2105 759 2182 epigr.
775 2105 885 2167 XLIa
906 2105 946 2164 ad
969 2104 1202 2182 affirmationem
1224 2103 1336 2163 ducere

218 2204 365 2263 visentur
388 2201 490 2264 catur
513 2201 594 2279 (non
617 2204 708 2263 rora
730 2206 831 2265 arcina
859 2215 893 2264 a
914 2187 1089 2264 merueras
1119 2203 1333 2282 arcadas.)

221 2325 326 2365 versus
350 2304 434 2384 apud
457 2304 539 2364 Gell.
562 2305 645 2363 XIX
667 2315 692 2378 9,
718 2315 760 2366 11.
806 2315 837 2366 at
860 2307 942 2386 quod
965 2316 1079 2366 certum
1101 2308 1140 2366 sit
1163 2307 1336 2385 exemplum

218 2388 238 2482 ἦ
263 2405 301 2484 ῥα
328 2407 477 2466 formulae
500 2407 534 2480 in
563 2406 766 2468 affirmatione
795 2409 915 2489 positae
937 2408 1083 2468 habemus
1106 2409 1139 2467 in
1161 2408 1267 2488 Apoll.
1290 2416 1334 2470 85.

219 2529 300 2589 quae
330 2529 396 2567 cum
425 2509 470 2566 ita
498 2508 577 2580 sint,
607 2508 792 2586 perdignum
820 2511 978 2571 mentione
1007 2520 1067 2583 est,
1099 2509 1181 2589 quod
1204 2511 1334 2569 Nonnus

219 2610 401 2670 Callimachi
418 2609 672 2686 diligentissimus
689 2591 852 2686 sectatori}
867 2609 904 2690 ῥα
917 2610 1023 2670 crebro
1039 2611 1179 2670 adhibuit
1192 2613 1225 2670 in
1240 2613 1335 2669 inter·

217 2713 395 2790 rogatione,
419 2711 451 2768 in
475 2711 677 2770 affirmatione
694 2732 758 2770 non
774 2713 904 2792 amplius
919 2711 982 2785 bis,
1007 2711 1191 2770 observante
1205 2712 1334 2770 Lehrsio

219 2822 352 2894 quaestt.
376 2833 426 2890 ep.
449 2833 480 2890 p.
504 2819 564 2874 269.
597 2811 636 2871 de
658 2812 822 2890 proverbio
846 2821 948 2872 antem
969 2813 1037 2891 ipso
1060 2831 1126 2870 cum
1144 2812 1335 2872 Aristaeneti

217 2917 406 2994 interpretes
430 2921 478 2972 sat
499 2913 594 2971 multa
623 2915 873 2973 coacervaverint
902 2913 1004 2973 dicere
1034 2913 1233 2993 supersedeo.
1279 2913 1334 2971 sed

220 3015 398 3077 Charitonis
426 3015 516 3073 haec·
534 3017 705 3074 notaverim
727 3016 934 3075 similitudinis
963 3035 1086 3074 caussa:
1109 3017 1138 3075 V
1163 3027 1173 3076 1
1198 3015 1265 3073 init.
1295 3005 1334 3083 ὡς

217 3114 273 3195 μὲν
296 3107 433 3194 ἐγαμήθη
456 3109 627 3191 Καλλιρρόη
649 3114 781 3200 Χαιρέᾳ,
811 3116 950 3193 καλλίστη
978 3117 1130 3195 γυναικῶν
1152 3104 1240 3188 ἀνδρί
1262 3117 1333 3172 ηαλ-

218 3220 316 3301 λίστιμ.
345 3219 427 3280 VIII
450 3227 473 3291 l,
497 3227 514 3280 3
537 3208 590 3274 ὀόο
611 3217 670 3275 τῶν
692 3220 853 3278 καλλίστων
874 3209 984 3295 ἥρμοσε
1007 3209 1199 3297 (Ἀφροδίτη)
1224 3216 1334 3294 ζεῦγος.

217 3324 233 3382 I
252 3333 276 3396 1,
297 3332 325 3382 11
348 3309 470 3394 ἡπόλις
492 3313 686 3396 μνηστεύεται
708 3310 776 3391 roric
798 3311 911 3399 γάμους
932 3313 1060 3399 σήμερον
1082 3309 1214 3396 ἀλλήλων
1236 3309 1334 3391 ἀξίων,

288 3538 307 3602 ¹)
327 3539 470 3602 Frequens
490 3538 562 3587 enim
581 3536 651 3588 haec
671 3540 807 3602 confusio,
822 3555 893 3605 quae
912 3557 928 3590 a
948 3538 1170 3604 compendiorum
1188 3555 1239 3590 usu
1257 3554 1335 3605 repe-

217 3625 305 3676 tenda
323 3629 373 3674 est.
403 3623 439 3672 cf.
456 3623 537 3672 Basti
556 3629 700 3672 comment.
713 3625 854 3690 palaeogr.
869 3641 894 3689 p.
908 3626 965 3674 817.
986 3625 1074 3675 veluti
1093 3630 1174 3689 etym.
1187 3641 1222 3675 m.
1235 3641 1261 3688 p.
1275 3626 1332 3686 237,

216 3712 253 3760 45
266 3711 295 3757 in
308 3709 368 3757 cod.
381 3709 405 3757 D
421 3711 463 3756 est
481 3707 566 3768 ααλλ,
586 3708 615 3755 in
627 3709 648 3756 P
662 3707 791 3771 soledos,
809 3709 838 3757 in
850 3709 874 3758 V
887 3707 1069 3774 καλλίμαγος.
1101 3713 1128 3757 et
1147 3709 1218 3772 quod
1235 3725 1261 3772 p.
1276 3710 1333 3770 207,

219 3796 252 3844 17
272 3795 301 3842 in
319 3792 461 3843 codicibus
481 3783 522 3841 e'st
541 3791 606 3842 πλεῖ
620 3791 691 3842 bene
706 3793 737 3844 Ο.
751 3793 934 3843 Schneiderus
948 3795 1054 3844 Ztschr.
1073 3794 1093 3841 f.
1111 3794 1143 3844 A.
1163 3793 1228 3851 1848
1245 3810 1272 3857 p.
1285 3795 1339 3843 786
1406 3792 1413 3798 ’

218 3879 340 3928 correxit
356 3876 550 3943 Καλλίμαχος.
586 3879 659 3928 idem
683 3877 762 3942 proll.
783 3878 812 3924 in
831 3882 886 3928 aet.
907 3876 978 3926 Call.
998 3893 1024 3942 p.
1045 3879 1075 3925 12
1100 3877 1265 3926 Callimachi
1287 3893 1333 3926 no-

218 3978 282 4013 men
301 3963 386 4012 laseri
403 3962 463 4012 vult
482 3967 562 4026 etym.
582 3978 616 4012 m.
636 3979 662 4028 p.
682 3964 744 4020 249,
765 3965 779 4012 7
798 3962 846 4010 ubi
863 3962 966 4027 legitur
983 3953 1079 4011 καλόν.
1117 3966 1146 4010 at
1163 3962 1234 4011 haec
1253 3961 1335 4010 aliter

218 4047 392 4112 expedienda
411 4052 485 4112 puto.
520 4046 690 4112 probabilius
709 4046 854 4096 Heckerus
872 4045 966 4112 philol.
985 4047 1023 4095 IV
1040 4062 1066 4111 p.
1085 4046 1135 4096 478
1153 4060 1193 4110 sq.
1216 4062 1266 4111 pro
1284 4061 1333 4096 αα-

217 4133 311 4182 λεῖται
330 4133 358 4180 in
377 4132 474 4181 eodem
493 4135 575 4193 etym.
594 4146 627 4182 rn.
646 4147 672 4196 p.
691 4133 749 4194 229,
767 4132 800 4181 43
818 4132 903 4181 scribi
921 4131 981 4180 vult
997 4127 1189 4196 Καλλίμαχος.

286 4214 309 4280 ²)
329 4216 423 4266 Nonne
447 4213 635 4265 Callimachus
657 4216 686 4264 in
709 4231 741 4264 eo
765 4217 810 4281 qui
832 4217 1000 4282 sequebatur
1021 4231 1104 4267 versu
1128 4215 1226 4265 habuit
1248 4227 1333 4278 προσ-

217 4292 336 4361 atala?
354 4299 475 4363 Hesych.
494 4291 680 4366 προσπελάζει·
698 4295 905 4366 sacrasacra.

288 4383 309 4450 ³)
329 4384 371 4435 Cf.
390 4384 542 4450 Hauptium
560 4385 615 4438 ind.
632 4384 710 4436 lectt.
729 4386 821 4440 Berol.
838 4387 895 4437 hib.
916 4387 1082 4436 lasa-1859
1100 4402 1126 4452 p.
1146 4387 1159 4435 7
1179 4399 1218 4451 sq.
1279 4397 1283 4404 ·
