3254 5158
661 443 845 508 „7-

190 621 280 700 plura
295 620 477 698 scriptorum
498 619 566 678 loca
589 626 839 693 commonstrant,
862 638 970 678 vocem
984 599 1141 694 airalcao'c,
1165 620 1217 681 ubi
1238 621 1310 680 tali

191 741 293 781 nexu
330 728 544 799 usurparetur,
583 720 763 801 plerumque
797 728 881 781 certe
915 721 1008 780 alium
1040 721 1186 782 habuisse
1218 723 1309 782 intel-

190 826 312 884 lectum.
322 819 346 899 1)

272 924 456 986 Welckerus
492 925 585 1000 igitur
612 924 644 980 in
678 943 714 981 eo
745 922 839 996 libro,
875 943 935 1004 quo
968 932 1065 984 totam
1097 926 1311 1004 quaestionem

190 1047 269 1107 quae
294 1035 341 1086 est
369 1026 408 1086 de
437 1025 525 1104 cyclo
555 1027 643 1104 epico
672 1025 705 1083 in
728 1031 841 1084 statum
867 1028 992 1104 penitus
1022 1046 1135 1085 novum
1157 1029 1308 1105 provexit,

189 1131 260 1207 Ip.
285 1137 335 1189 110
357 1146 436 1206 sqq,
466 1126 498 1185 id
527 1127 718 1205 potissimum
747 1127 826 1204 agit,
855 1134 890 1186 ut
917 1146 958 1186 ne
980 1128 1012 1186 in
1044 1130 1163 1207 epicum
1192 1130 1310 1210 cyclum

191 1230 409 1312 nobilissimum
432 1249 527 1288 esua
549 1227 724 1287 coniectura
745 1227 800 1287 vix
823 1227 895 1286 dum
916 1235 989 1288 tnnc
1011 1249 1030 1288 a
1053 1230 1215 1290 Zenodoto
1239 1250 1309 1291 con-

192 1332 355 1404 cinnatum,
380 1331 524 1409 qui'ipsa
547 1347 670 1410 quoque
685 1329 850 1390 Homerica
872 1332 1008 1390 carmina
1031 1332 1308 1410 comprehenderit,

190 1432 295 1490 invehi
318 1430 460 1490 videatur
481 1430 698 1505 Callimachus,
729 1432 892 1491 acerrimus
914 1433 968 1491 ille
991 1431 1161 1492 fabularum
1183 1441 1308 1507 amator,

127 1601 130 1606 ⁴
192 1534 411 1593 eruditissimus
444 1531 527 1592 idem
557 1541 718 1612 poetarum
750 1535 941 1607 aestimator,
983 1532 1120 1614 deniqne
1159 1535 1309 1613 epigram-

194 1635 282 1694 matis
304 1635 337 1692 in
360 1633 526 1694 Oechaliae
547 1636 808 1715 expugnationem
830 1635 935 1714 scripti
958 1642 1072 1695 auctor.
1108 1644 1234 1694 revocat
1256 1655 1308 1695 ex-

192 1735 268 1795 inde
289 1755 400 1815 poema
415 1737 563 1816 cyclicum
585 1737 625 1797 ad
648 1757 723 1817 epos
740 1737 896 1817 quoddam
918 1737 1030 1816 cyclo
1039 1737 1237 1816 graphum,
1261 1737 1309 1796 cui

191 1839 329 1916 assignat
356 1835 604 1915 Antimachum²)
635 1837 821 1899 Pisandrum
847 1839 1007 1898 Musaeum
1028 1839 1200 1918 Ephesium
1223 1838 1310 1897 deni-

191 1959 252 2019 que
267 1939 467 2019 Apollonium
489 1938 651 2015 Rhodium,
678 1942 730 2022 qui
753 1959 859 2000 omnes
874 1941 976 2000 varias
998 1941 1141 2000 historias
1163 1941 1195 1999 in
1218 1960 1310 2000 unam

190 2042 300 2100 seriem
340 2041 517 2120 redigentes
558 2045 646 2123 quasi
688 2042 840 2122 quosdam
878 2042 1040 2102 thesauros
1082 2042 1311 2121 composuerint

191 2142 336 2202 fabularis
366 2144 530 2216 historiae,
569 2144 714 2203 simillimi
746 2145 805 2203 hac
836 2145 869 2203 in
902 2164 935 2202 re
964 2144 1117 2223 Dionysio
1151 2144 1308 2223 cyclogra-

190 2245 263 2322 pho.
295 2245 333 2302 cf.
366 2245 435 2324 Ip.
459 2254 493 2308 75
516 2265 584 2326 sqq.
622 2247 669 2306 cui
691 2246 849 2306 Welckeri
880 2245 1022 2324 opinioni
1050 2243 1135 2305 haud
1156 2245 1307 2305 infirmum

191 2358 401 2423 argumentum
435 2346 631 2407 Merkelus
666 2349 811 2427 opposuit
844 2348 983 2427 prolegg.
1012 2347 1045 2404 in
1074 2345 1178 2425 Apoll.
1202 2344 1304 2406 Rhod.

190 2468 221 2525 p.
244 2449 362 2506 XXIII
384 2467 453 2527 sqq.
477 2449 502 2508 is
531 2457 633 2508 autem
660 2451 729 2528 ipse
752 2457 823 2529 post
851 2470 914 2509 non
943 2449 1044 2508 nullos
1073 2449 1309 2526 argumentandi

190 2548 353 2628 argutandi
368 2547 511 2628 ambages
529 2550 612 2610 locos
629 2552 784 2631 componit
800 2571 839 2611 ex
854 2551 977 2611 scholiis
993 2551 1164 2610 Homericis
1179 2558 1309 2629 septem,

191 2671 283 2708 unum
311 2653 508 2730 etymologici
543 2655 661 2732 magni,
699 2654 752 2732 qui
779 2652 1026 2712 Alexandrinam
1053 2652 1139 2711 vocis
1171 2645 1311 2721 κυκλικός

150 2761 157 2776 ⁷
191 2753 347 2812 notionem
371 2753 429 2812 sibi
451 2753 566 2813 referre
588 2753 764 2813 videantur.
796 2773 876 2832 quae
896 2752 1038 2831 exempla
1055 2753 1200 2831 quoniam
1215 2753 1309 2830 signi·

190 2855 280 2912 ficare
309 2862 423 2913 certum
452 2853 577 2914 dicendi
605 2874 702 2932 genus
730 2853 830 2926 videt,
864 2853 946 2934 quod
974 2853 1007 2910 in
1041 2853 1158 2910 iteratis
1192 2850 1309 2910 eisdem

192 2955 335 3034 epithetis
364 2955 570 3016 locutionibus
597 2955 797 3016 hemistichiis
817 2953 957 3014 versibus
978 2953 1111 3012 maxime
1134 2953 1308 3012 Homericis

193 3064 348 3130 cernatur,
374 3059 517 3136 quoniam
542 3057 651 3117 eodem
673 3058 738 3117 fere
754 3056 857 3116 tendit
870 3056 1006 3115 Pollioni
1022 3054 1209 3134 epigramma
1224 3055 1308 3113 anth.

192 3159 227 3216 P.
251 3159 300 3216 XI
325 3167 387 3231 130,
418 3160 594 3220 universam
616 3159 725 3239 cyclici
747 3159 898 3239 poematis
922 3158 1081 3217 notionem
1103 3158 1142 3216 ad
1165 3164 1308 3216 constan-

192 3268 253 3318 tem
275 3260 362 3320 illum
383 3263 534 3322 sermonis
563 3262 675 3321 cultum
703 3261 830 3320 rettulit.
877 3280 967 3340 quam
994 3259 1146 3319 rationem
1172 3256 1309 3337 pluribus

259 3468 281 3534 ¹)
300 3470 336 3518 Et
358 3466 479 3534 proxime
504 3463 641 3514 accedunt
664 3462 699 3512 ad
718 3460 885 3512 Callimachi
907 3461 994 3510 verba
1016 3460 1088 3510 haec
1106 3458 1254 3525 Philoponi
1273 3459 1308 3508 ad

192 3553 305 3604 aristot
332 3553 434 3617 analyt.
453 3552 522 3615 post.
541 3548 555 3597 1
574 3549 606 3597 12
624 3545 710 3600 schol.
728 3545 841 3596 Aristot.
860 3562 885 3610 p.
904 3545 965 3594 217:
987 3537 1045 3594 ἔστι
1069 3536 1102 3594 δὲ
1124 3539 1175 3593 καὶ
1192 3531 1262 3592 cillo
1281 3558 1308 3592 τι

193 3630 295 3696 κύκλος
315 3631 396 3694 ἰδίως
415 3625 637 3700 ὀνομαζόμενον,
656 3618 672 3680 3
689 3629 829 3696 ποίημα
846 3622 922 3686 τινὲς
939 3621 993 3694 μὲν
1011 3621 1052 3686 εἰς
1066 3617 1178 3693 ἑτέρους
1191 3625 1229 3692 (h.
1243 3643 1258 3676 e
1273 3626 1308 3676 ad

193 3719 340 3787 diversor),
364 3713 440 3778 ervic
464 3711 496 3768 di
520 3707 700 3782 εἰς”Ομηρον
722 3706 930 3780 ἀναφέρουσιν.
960 3728 1030 3777 quae
1054 3729 1087 3763 ex
1106 3711 1310 3762 commentariis

192 3805 342 3856 Alexandri
359 3803 583 3871 Aphrodisiensis
605 3801 706 3852 hausta
729 3815 790 3851 esse
814 3797 966 3864 probabilis
990 3798 1084 3862 opinio
1108 3801 1150 3846 est
1167 3795 1311 3847 Welckeri

194 3906 235 3955 ep.
255 3890 324 3954 cycl.
346 3891 359 3940 I
377 3907 403 3955 p.
424 3891 464 3939 10.

259 3973 280 4038 ²)
299 3974 392 4023 Vtitur
415 3977 507 4022 autem
529 3970 583 4021 hac
606 3971 636 4019 in
654 3985 683 4019 re
706 3967 825 4017 maxime
849 3963 1069 4031 scholiographis
1086 3963 1250 4015 Horatianis
1275 3964 1310 4014 od

193 4074 218 4110 a.
237 4063 311 4124 poet.
329 4075 356 4108 v.
377 4057 517 4109 tao-146.
537 4059 567 4104 at
584 4055 613 4103 in
630 4052 737 4104 scholio
750 4051 865 4101 Acronis
883 4051 988 4101 scribe:
1008 4055 1052 4100 aut
1069 4063 1158 4101 nomem
1175 4050 1309 4113 proprium

194 4143 307 4208 cyclicus
325 4149 378 4192 out
395 4141 455 4207 (pro
473 4137 514 4204 ct)
529 4141 656 4204 significat
668 4137 849 4188 Antimachum.
881 4134 1072 4186 memorabilia
1083 4137 1147 4184 sunt
1159 4130 1310 4197 Oruqniani

195 4228 417 4278 commentatoris
434 4224 534 4277 verba:
553 4224 617 4272 hunc
635 4229 721 4272 autem·
732 4219 863 4287 (cyclicum
878 4217 992 4288 poetam)
1010 4221 1055 4270 ulii
1066 4218 1247 4274 Antimachum,
1266 4217 1312 4264 alii

195 4313 368 4363 Callimachum
385 4314 479 4362 dicunt.
517 4323 588 4373 quae
606 4312 673 4357 nata
691 4305 819 4356 videntur
840 4305 886 4357 vel
905 4322 919 4356 e
938 4306 1090 4355 fluctuante
1110 4303 1246 4366 scriptura
1264 4298 1309 4348 vel

195 4413 228 4445 ex
244 4397 371 4446 uberiore
390 4394 494 4445 scholio
513 4392 612 4442 inscite
631 4395 784 4442 contracto.
