3284 5158
697 409 927 472 -161-

255 573 515 649 φόβοςπρόσεστιν
534 577 603 638 ἴσος.
638 572 673 630 οῦ
690 573 744 644 μὲν
762 572 817 646 γῦρ
836 580 941 646 ζητεῖςι
952 572 983 631 ἐκ
1001 579 1054 632 τοῦ
1070 571 1234 648 οἶσφαλοῦς,
1259 573 1322 648 ἐμοί
1340 576 1373 648 δὲ

254 663 331 734 καλί)
350 659 383 716 τό
401 657 577 731 ἀπωσθῆναι
595 661 645 714 καλ
663 658 797 715 θανάτου
815 657 980 732 βαρῦτερον.
1016 663 1066 718 καὶ
1084 655 1187 717 ῦοότου
1203 655 1261 732 ἤδη
1276 660 1372 732 ἔγωγε,

255 739 344 816 οῦπερ
367 742 455 809 αῦτός
477 747 544 809 ίσως
567 740 727 816 ἐρασθῆση,
752 741 814 814 ἐρῦ.
850 746 882 800 εί
896 763 940 801 σοι
957 747 1103 814 γοῦντοῦ
1126 748 1256 815 δικαίου,
1282 748 1314 802 εί
1328 765 1372 801 σοι

255 835 307 887 τοῦ
325 825 417 901 ὀρθοῦ
437 830 556 900 φροντὶς
575 825 713 899 ἐγεγόνει,
737 822 899 898 ὑποχωρεῖν
922 823 1007 893 αῦτός
1024 833 1062 899 τῷ
1080 827 1138 901 ἐμῷ
1155 831 1225 899 πυρί
1242 824 1371 900 ῦφειλες.
1391 837 1440 887 170

256 916 321 972 νυνὶ
339 909 371 970 δ’
389 911 451 971 ἐπεὶ
470 909 486 970 ὁ
503 908 667 986 οἷμείλικτος
685 904 768 976 οῦτος
785 909 857 983 ῦπέρ
875 909 981 970 ῦδίκου
998 911 1120 985 μάχεται
1139 918 1238 987 δίκης,
1256 912 1328 984 πρός
1344 920 1375 972 τί

254 1020 338 1070 ποτε,
360 1002 514 1070 Κυδίππη,
538 994 692 1068 γράμματα
715 994 797 1070 ἐμόέ)
824 1001 965 1070 καταντᾷς
995 989 1078 1064 οῦτος
1096 996 1150 1070 γὰρ
1169 996 1206 1062 ῦς
1223 991 1262 1054 όν
1278 1002 1373 1062 κακῶς

256 1083 332 1156 έγοις
353 1090 436 1142 ποιεῖ
453 1083 504 1139 καὶ
526 1086 562 1154 τῆ
578 1079 714 1152 Ἀρτέμιδι
732 1074 859 1147 ῦποπτος
877 1085 952 1154 εἴης,
974 1087 1091 1151 τοῦτον,
1118 1083 1145 1140 εί
1163 1093 1295 1154 φρονεῖς,
1319 1105 1373 1139 κω-

256 1169 355 1234 λῦσαις
372 1164 411 1224 όν
428 1187 480 1224 σου
497 1171 550 1224 τοῦ
567 1165 658 1224 οῦδοῦ
676 1164 825 1237 ἐπιβῆναι’
849 1165 954 1224 τοῦτου
971 1164 1025 1238 γῦρ
1039 1165 1223 1239 ἐνεργοῦντος
1234 1166 1301 1231 τοῦς
1313 1172 1373 1224 δει-
1392 1174 1441 1224 175

256 1252 325 1320 νοῦς
347 1250 457 1324 ῦπέργῃ
479 1255 530 1324 τῆς
553 1255 624 1324 ζωῆς
647 1270 699 1307 σου
721 1249 885 1316 κινδύνους.
921 1247 993 1308 ιῖλλῦ
1017 1251 1100 1308 πέσοι
1122 1247 1160 1310 όν
1182 1257 1225 1317 τίς
1248 1247 1310 1324 οῦδ)
1337 1252 1372 1309 τό

256 1342 375 1396 τοιαῦτα
397 1340 492 1395 κινῶν.
528 1329 562 1392 όν
586 1339 667 1406 είπερ
690 1333 821 1392 όποέσαιο
844 1339 894 1392 καί
913 1334 1081 1408 ἐρασθείης,
1106 1328 1195 1407 οῦπερ
1212 1333 1231 1409 ῆ
1251 1335 1321 1401 θεὸς
1339 1336 1373 1394 οῦ

257 1427 506 1494 καταψηφίζεται,
534 1422 584 1477 καί
611 1419 645 1478 σῦ
668 1425 846 1493 παραχρῆμα
869 1426 921 1493 τῆς
944 1426 1085 1493 σωτηρίας
1108 1426 1213 1494 σαυτῆς
1236 1423 1373 1495 ἐπιλῆφη.

257 1511 361 1579 στῆσον
378 1499 443 1575 οῦν,
461 1505 606 1576 παρθένε,
626 1502 677 1561 τόν
695 1504 801 1577 φόβον·
821 1509 971 1577 σταθηρᾶς
989 1503 1044 1576 γῦρ
1062 1501 1237 1570 ἀπολαύσεις
1254 1511 1305 1578 τῆς
1322 1526 1374 1563 σω-

256 1597 369 1663 τηρίας·
392 1596 470 1648 ποίει
493 1588 584 1662 μόνον
604 1591 655 1646 τὸν
677 1595 830 1660 συνίστορα
852 1595 909 1648 νῦν
932 1587 1138 1662 ὑπεσχημένων
1155 1589 1228 1647 νεῦν
1245 1595 1371 1663 τιμῆσαι.
1392 1595 1441 1645 180

256 1671 292 1733 οῦ
309 1673 363 1747 γῦρ
382 1676 465 1746 βουσὶ
484 1675 691 1746 σφαττομένοις
709 1674 739 1731 οἱ
756 1671 886 1745 οῦρόνιοι
905 1677 972 1732 θεοί
990 1681 1153 1746 χαίρουσιν,
1177 1672 1249 1732 ἄλλα
1273 1680 1308 1747 τῆ
1324 1696 1373 1748 τη-

257 1761 382 1833 ρουμένη
403 1765 497 1818 πίστει
520 1764 568 1818 καὶ
591 1760 744 1832 μαρτῦρων
765 1764 859 1831 χωρίς.
895 1754 979 1816 ῦλλαι
997 1759 1051 1832 μέν
1068 1751 1136 1830 οῦν,
1160 1755 1198 1825 ῦς
1216 1753 1254 1816 όν
1272 1758 1373 1833 ὁᾴονες

256 1846 400 1916 γένοιντο,
424 1847 475 1901 καλ
493 1849 615 1916 σίδηρον
631 1849 756 1915 καὶπῦρ
778 1842 968 1915 ὑπομένουσι,
992 1843 1076 1916 χυλός
1099 1840 1128 1900 δ’
1147 1840 1256 1915 ἐτέραις
1272 1843 1374 1916 πικρός

258 1927 427 1999 ἐπόδννονέ)
451 1925 522 1994 ῦκος
547 1921 641 2001 φέρει·
665 1931 710 1987 σοὶ
734 1926 764 1985 δ’
788 1924 909 1993 οῦδενῦς
931 1930 1039 1985 τούτων
1062 1933 1117 1986 δεῖ.
1152 1927 1206 2000 τὴν
1224 1923 1374 2002 ἐπιορκίαν
1393 1934 1442 1985 185

257 2012 385 2086 φύλαξαι
402 2012 507 2085 μόνον,
526 2016 576 2071 καλ
595 2013 704 2086 σαυτὴν
722 2010 794 2086 ὁμοῦ
814 2011 940 2085 φύλαττε
957 2017 1007 2070 καλ
1026 2011 1075 2086 ἐμέ
1093 2015 1143 2070 καὶ
1160 2013 1214 2084 τῆν
1232 2018 1374 2072 δοθεῖσαν
1462 2077 1472 2091 x

177 2119 180 2126 ⁴
257 2104 354 2156 πίστιν
370 2095 449 2171 ἡμῖν.
486 2094 556 2171 ῆδ’
573 2094 677 2170 όγνοιοὲ
695 2118 740 2156 σοι
757 2103 834 2170 καὶὸ)
854 2095 926 2167 ῦπέρ
945 2103 995 2154 τοῦ
1013 2096 1213 2167 παρελθόντος
1229 2104 1372 2170 πταίσμα-
1423 2169 1427 2179 Ι

256 2204 305 2247 τος
328 2181 412 2239 δόσει
434 2184 614 2255 συγγνιόμην,
638 2178 682 2241 ότι
705 2203 756 2240 σου
778 2187 829 2254 τῆς
853 2187 987 2248 διανοίας
1006 2183 1039 2240 αῖ
1054 2181 1289 2254 α’ναγνωσθεῖσαι
1307 2203 1372 2240 συν-

257 2271 351 2338 θῆκαι
375 2265 516 2335 ἐξέπεσον.
551 2273 606 2326 νῦν
629 2269 662 2325 δέ
680 2289 711 2325 σε
734 2268 843 2324 τούτων
865 2265 1031 2339 όνέμνησαν
1049 2271 1126 2324 οἵτε
1145 2264 1208 2340 ἐμοὶ
1226 2265 1306 2339 λόγοι
1323 2271 1373 2326 καλ

257 2349 368 2423 νόσημα
386 2349 417 2408 τό
436 2349 544 2422 παρόν,
564 2348 635 2421 ὅπερ
654 2351 756 2424 φέρειν
774 2356 897 2423 είωθας,
922 2349 1020 2416 ὁσάκις
1037 2345 1076 2407 ῦν
1093 2356 1180 2424 πειρᾷ
1197 2351 1373 2422 ψεῦδεσθαι.
1393 2359 1441 2408 190

255 2440 305 2494 καλ
322 2439 381 2509 μὴν
398 2441 448 2495 καλ
465 2441 550 2493 τοῦτο
569 2438 757 2509 φυλαξαμένη
775 2436 889 2502 πάντως
908 2435 939 2494 ἐν
951 2441 1055 2507 τοκετῷ
1067 2436 1213 2508 δεηθῆση,
1233 2434 1284 2503 τὰς
1298 2457 1373 2508 φωσ-

256 2520 364 2594 φόρους
383 2543 428 2579 σοι
445 2519 500 2594 τῆν
515 2522 591 2580 θεὸν
604 2530 701 2594 χεῖρας
712 2521 940 2594 προσενόγεινθ).
958 2518 976 2592 ῆ
996 2520 1029 2578 δέ
1047 2517 1201 2578 οἱκοῦσεται
1219 2524 1269 2578 καὶ
1285 2529 1372 2580 πολυν

255 2606 451 2678 πραγμονῆσει
474 2605 509 2663 τῦ
533 2603 717 2663 όκουσθέντα
735 2609 785 2662 καὶ
804 2604 941 2674 ἐξετάσει,
966 2601 997 2661 ἐκ
1015 2608 1094 2668 τίνος
1111 2602 1221 2675 α’νδρῦς
1238 2599 1276 2661 οἶν
1293 2607 1309 2662 ό
1327 2628 1372 2662 το-

257 2689 338 2752 κετός
361 2693 408 2762 εἴη
431 2683 522 2755 οῦτος.
538 2687 623 2752 ,ἄλλ’
640 2687 827 2764 ῦποσγεθῆση
848 2687 914 2746 τινῦ
938 2685 1039 2761 εῦγῆν,
1063 2684 1126 2745 ἄλλ’
1146 2687 1299 2746 ἐπίστασαί
1315 2695 1371 2759 σε’)
1392 2696 1441 2745 195

257 2777 354 2854 ψευδῆ
378 2771 618 2848 ῦπισγνοομένην.
655 2773 721 2834 ἄλλ’
743 2772 871 2847 όμόσεις,
894 2770 957 2831 ἄλλ’
977 2773 1041 2830 οἶδέ
1059 2792 1090 2830 σε
1114 2773 1279 2846 δυναμένην
1301 2772 1372 2845 ψεῦ-

258 2860 365 2915 δεσθαι
382 2857 449 2923 τοῦς
466 2859 565 2926 θεοός.
599 2854 706 2918 οῦκουν
726 2860 882 2930 ἐνεργεῖται
901 2856 935 2914 τῦ
955 2861 1021 2929 περὶ
1039 2855 1124 2930 ἐμοῦ·
1148 2855 1221 2927 ὑπὲρ
1243 2864 1372 2930 μείζονος

257 2947 491 3016 ταλαιπωροῦμαι
521 2949 684 3016 φροντίδος.
725 2941 812 3016 όλγεῖ
830 2965 880 3017 μοι
902 2941 957 3014 γῦρ
979 2940 998 3015 ῆ
1022 2947 1130 3012 ’καρδία
1153 2946 1203 3014 τῆς
1225 2947 1278 3014 σῆς
1301 2948 1373 3015 ζωῆς

260 3027 366 3088 ἕνεκεν.
402 3033 433 3084 τί
454 3027 487 3086 δέ
510 3034 564 3087 νῦν
582 3049 612 3087 σε
636 3027 667 3086 έν
685 3027 806 3102 όδῆλοις
823 3032 967 3099 περιδεεῖς
985 3027 1015 3084 οἱ
1031 3036 1126 3098 γονεῖς
1145 3028 1299 3093 ἔκλαυσαν,
1323 3020 1373 3094 οῦς
1390 3034 1440 3083 200

256 3109 387 3184 ῦγνῦτας
398 3119 451 3171 τοῦ
462 3118 513 3172 σοῦ
525 3119 701 3186 πταίσματος
713 3113 790 3171 εἶναι
802 3121 908 3178 τοιεῖς;
927 3114 977 3169 καί
991 3115 1040 3169 ίνα
1052 3116 1082 3168 τί
1092 3111 1260 3183 οἱγνοοῦσινς
1280 3112 1372 3180 ἔξεστι

257 3196 352 3254 πάντα
371 3199 568 3270 διηγήσασθαι
590 3204 626 3272 τῇ
642 3202 743 3272 μητρί·
773 3194 839 3255 οῦδ’
859 3195 958 3255 ὁτιοῦν
975 3199 1031 3268 γοὶρ
1049 3197 1199 3268 αίσγόνης,
1223 3201 1371 3268 Κυδίππη,

255 3282 288 3341 τό
306 3283 357 3342 σόν
376 3282 460 3354 ἔργον
478 3283 545 3356 ἔχει.
570 3290 694 3343 σπεῦσον
711 3284 964 3357 καθηρμωσμένως
982 3278 1160 3354 α’ναγγεῖλαι,
1180 3275 1256 3346 ὅπως
1273 3303 1322 3352 μοι
1339 3280 1371 3338 τὸ

254 3373 367 3440 πρῦτον
385 3366 549 3441 ἐγνιόσθης,
566 3367 655 3442 ῆνίκα
673 3365 724 3433 τός
740 3373 791 3441 τῆς
802 3366 961 3439 τοξοφόρον
974 3371 1049 3432 θεοῖς
1062 3365 1164 3430 ἐτέλεις
1177 3365 1249 3435 λεροέ,
1269 3361 1343 3436 ἅπερ
1350 3371 1370 3438 ⁸)
1390 3372 1440 3422 205

256 3451 394 3525 ἐξαπίνης
412 3449 498 3518 αῦτὸς
517 3453 588 3511 ίδιόν
606 3475 651 3526 σε,
675 3454 703 3511 εί
719 3450 797 3510 τοῦτ’
818 3456 884 3519 ίσως
908 3447 1062 3524 ἐστογόσω,
1088 3450 1172 3522 ἐστην
1194 3446 1305 3522 ῦγανῆς
1324 3449 1372 3507 ἐπὶ

257 3539 295 3604 τῷ
313 3541 352 3603 σῷ
369 3537 467 3592 κάλλει
485 3539 638 3609 γενόμενος
655 3543 708 3596 καί
717 3559 773 3610 μου
785 3537 898 3609 σφόδρα
910 3556 941 3593 σε
954 3538 1165 3610 θαυμάζοντος,
1186 3535 1276 3607 σαφές
1287 3540 1371 3593 τοῦτο
1415 3601 1418 3608 ,

202 3637 203 3642 ¹
257 3620 364 3687 μανίας
387 3616 541 3688 σύμβολον,
564 3623 692 3679 πέπτωκε
717 3627 907 3695 διολισθῆσαν
929 3627 985 3680 τεόν
1008 3617 1092 3691 ῦμων
1107 3643 1166 3693 μου
1189 3620 1221 3677 τό
1240 3619 1369 3691 ἱμάτιον·

208 3773 212 3778 Ι
257 3700 288 3758 τῦ
313 3697 344 3758 δ’
363 3698 503 3758 ἐντεῦθεν
526 3699 578 3758 οῦκ
602 3703 663 3760 οἷδ’
681 3703 792 3766 ὁπόθεν
814 3703 997 3778 ῦπόσφαιρον
1020 3711 1111 3778 μῆλον
1133 3702 1308 3776 ἐληλυθέναι
1327 3723 1370 3761 σο-

259 3794 327 3857 φοῖς
345 3784 491 3859 γράμμασι
504 3785 617 3860 δῆματα
631 3787 720 3859 φέρον
734 3791 881 3862 ἐπίβουλα.
912 3787 982 3860 ὅπερ
1002 3788 1102 3862 ἐπειδῆ
1120 3794 1172 3859 τῆς
1190 3787 1271 3858 λερῦς
1287 3783 1370 3859 Ἅρτέ-
1389 3794 1438 3842 210

256 3875 340 3943 μιδος
357 3869 504 3943 παροῦσης
521 3868 660 3944 οἶνέγνως,
678 3873 847 3947 ῆττηθῆναί
862 3895 913 3932 σου
931 3873 984 3946 τῆν
995 3879 1092 3930 πίστιν
1103 3869 1160 3930 ῦπό
1172 3873 1322 3946 μα’ρτυριθ)
1335 3873 1370 3943 τῆ

256 3960 326 4027 θεῷ.
361 3951 399 4020 ῦς
421 3949 459 4012 ῦν
482 3956 515 4014 δὲ
531 3953 603 4029 μηδ’
620 3955 815 4032 όγνοοίηνλθ),
844 3963 888 4024 τίς
910 3955 976 4016 ποτ’
999 3951 1037 4014 όν
1059 3955 1074 4014 ὁ
1098 3962 1166 4023 νοῦς
1189 3960 1235 4030 είη
1251 3961 1307 4014 τῶν
1325 3977 1370 4028 γε·

323 4132 343 4195 1)
367 4130 421 4183 καί
436 4131 591 4183 delendum.
665 4131 764 4252 2φναν.
783 4125 818 4184 τοὶ
837 4124 900 4199 ἐμοί.
975 4131 996 4197 ³)
1020 4149 1073 4184 scr.
1091 4127 1172 4184 πέσοι
1190 4123 1256 4183 α’ντὶ
1273 4127 1326 4181 σοῦ
1343 4120 1369 4183 ὁ.

253 4198 276 4266 ⁴)
295 4215 349 4251 scr.
368 4193 525 4253 ἐπώδυνον.
588 4199 610 4264 ⁶)
628 4217 666 4251 κα
698 4201 851 4282 όηλεοδὶιω.
915 4200 936 4264 1)
955 4203 1157 4266 προσενεγκεῖν
1173 4198 1368 4253 H.Hirzelius.

254 4260 563 4400 12³)2egigssffvssffiffvfi
577 4267 801 4399 ἆγῖοηφεε,.οπως.
854 4269 876 4333 ⁸)
889 4285 942 4322 scr.
955 4260 1003 4319 ἐπὶ
1014 4265 1145 4334 μα’ρτυρι.
1162 4268 1202 4372 φλ.
1215 4283 1241 4333 p.
1255 4267 1312 4327 157,
1328 4267 1369 4320 18.

307 4433 448 4485 mmm,
471 4433 589 4470 σιτττιι.
1127 4417 1164 4479 11
