3254 5158
719 424 763 435 ...
805 387 847 450 66
879 424 933 458 4-

267 562 479 640 suspitionem.
518 559 649 639 praebet
671 568 773 618 antem
795 561 907 618 malum
935 559 1033 618 forma
1061 560 1184 638 insigne
1209 559 1385 640 Cydippae,

267 681 346 742 quae
369 663 512 724 recitaret
533 662 629 721 verba
650 661 758 720 incisa.
794 661 912 720 scilicet
933 662 1003 740 ipsa
1021 662 1172 721 nutricula
1193 662 1299 740 legere
1321 681 1386 720 non

267 763 428 822 didicerat.
473 757 575 839 ιδίχοα
597 763 708 839 μῆλον,
738 746 761 820 oi
789 757 967 838 κεκτημένη,
997 753 1063 819 οἶον
1091 750 1126 820 οδ
1148 757 1292 837 τεθέαμαι
1315 757 1385 838 πρό-

264 883 364 942 τερον·
395 850 435 936 (ὃς
456 853 671 944 ὑπερμέγεθες,
703 851 742 934 ὡς
764 853 943 944 πορρωπόν,
976 849 1016 934 ὧς
1043 856 1183 942 ἐρύθημα
1213 857 1306 941 φέρον
1327 862 1386 920 τῶν
1482 908 1483 911 ,

266 955 386 1040 dodau?

349 1084 518 1144 Permirum
552 1085 584 1143 in
616 1083 663 1143 his
697 1104 791 1144 unum
821 1083 913 1158 illud,
955 1085 1038 1164 quod
1071 1084 1155 1162 pomi
1187 1081 1385 1162 praedicatur

266 1186 404 1246 eiusdem
425 1205 532 1245 roseus
554 1184 660 1260 rubor,
686 1184 725 1243 de
750 1205 809 1265 quo
834 1183 964 1245 Ovidius
987 1185 1070 1244 XXI
1091 1193 1142 1246 215
1165 1203 1210 1262 sq.

330 1328 331 1332 ’
391 1324 558 1378 concidimus
579 1325 674 1377 macie.
720 1325 795 1378 color
816 1327 857 1377 est
879 1325 938 1378 sine
960 1325 1107 1395 sanquine,
1130 1323 1239 1394 qualem

382 1411 383 1416 ¹
433 1427 462 1479 io
480 1441 580 1495 pomo
603 1423 699 1496 resero
721 1428 812 1480 mente
831 1421 923 1494 fuisse
944 1431 998 1480 ιαο.
1013 1418 1037 1498 ¹)

264 1594 368 1653 neque
392 1592 465 1632 vero
490 1592 558 1632 esse
588 1570 713 1631 dubium
741 1581 860 1651 potest,
892 1594 951 1652 quo
982 1582 1072 1653 pacto
1095 1573 1128 1632 id
1150 1573 1190 1631 sit
1213 1572 1384 1652 expedien-

266 1676 346 1734 dum.
392 1672 637 1754 deprehenditur
666 1675 747 1732 enim
774 1675 927 1753 sophista,
958 1675 1049 1754 quale
1073 1675 1112 1732 sit
1134 1695 1256 1753 pomum
1280 1674 1383 1754 (lydo-

264 1751 361 1851 nium,
394 1784 447 1835 aut
473 1775 652 1852 ignorantia
681 1775 851 1834 nescivisse
881 1785 933 1833 aut
960 1776 1079 1834 incuria
1108 1777 1296 1852 neglexisse.
1347 1796 1384 1834 ac

265 1876 509 1956 deprehenditur
530 1877 619 1935 simul
641 1877 681 1936 de
701 1897 755 1935 suo
776 1877 995 1954 intempestive
1018 1876 1178 1935 addidisse
1198 1878 1273 1936 istas
1294 1876 1383 1936 rubo-

263 1979 305 2037 ris
333 1963 468 2050 laudes,¹
488 1985 522 2036 ut
551 1997 626 2057 ques
659 1997 752 2054 aegre
786 1976 980 2036 desideraret
1007 1977 1091 2056 apud
1116 1977 1335 2038 Callimachum
1347 1975 1382 2055 ²).

263 2081 425 2160 potuitque
456 2098 524 2137 eum
550 2079 608 2136 hae
630 2079 662 2135 in
685 2097 718 2136 re
742 2077 869 2156 aliquod
901 2077 1027 2137 eludere
1055 2079 1093 2137 ab
1123 2080 1177 2138 illo
1204 2087 1383 2158 usurpatum

263 2180 424 2258 ambiguae
447 2179 681 2257 significationis
705 2179 881 2257 epitheton,
905 2180 1001 2242 veluti
1022 2172 1191 2257 πορρωπός.
1220 2181 1279 2240 hoc
1301 2182 1382 2239 enim

264 2283 402 2361 quamvis
425 2280 547 2339 rubrum
569 2281 659 2340 simul
685 2279 803 2338 indicat
833 2281 977 2354 colorem,
1010 2289 1114 2360 potest
1143 2282 1235 2341 etiam
1258 2281 1296 2340 de
1321 2281 1382 2360 uy-

263 2383 357 2443 donio
381 2403 471 2462 pomo
496 2382 652 2454 adhiberi,
678 2382 729 2460 qui
752 2381 875 2440 helvolo
900 2390 946 2440 est
967 2384 1019 2441 vel
1041 2383 1178 2442 subflavo
1202 2384 1314 2441 colore.

347 2500 439 2578 Quod
468 2501 510 2558 ad
538 2490 678 2572 εὐωδίαν,
710 2515 769 2579 que
791 2500 843 2558 vel
866 2519 883 2558 e
911 2501 1082 2580 longinquo
1109 2501 1244 2560 suaviter
1270 2502 1381 2560 malum

262 2601 317 2662 sub
340 2622 464 2661 sensum
487 2601 598 2661 cadere
620 2601 724 2660 nutrix
746 2600 834 2674 dicit,
857 2602 909 2659 vel
930 2601 1003 2659 hinc
1026 2603 1168 2678 colligas,
1193 2622 1283 2681 quam
1305 2603 1380 2661 curi·

263 2723 316 2762 osa
339 2723 375 2761 ac
397 2685 625 2782 circumspecta·
644 2711 709 2762 arte
739 2722 839 2761 rerum
867 2703 1029 2761 veritatem
1058 2704 1091 2760 in
1119 2702 1243 2762 talibus
1259 2712 1380 2762 secutus

261 2807 301 2864 sit
323 2813 416 2884 poete
439 2803 640 2884 Cyrenensis.
683 2804 864 2863 Athenaeus
887 2804 938 2862 ΙΙΙ
960 2810 1094 2883 p.'81e:
1118 2793 1275 2881 Φύλαρχος
1297 2793 1323 2860 δ’
1349 2800 1381 2862 ἐν

260 2906 297 2987 τῇ
319 2901 390 2986 ἕκτῃ
412 2905 472 2964 τῶν
496 2904 634 2980 [croperia
656 2893 691 2962 τδ(
707 2897 848 2962 Κυδώνια
870 2900 942 2979 φησὶ
965 2903 1043 2980 μῆλα
1066 2904 1102 2987 τῇ
1124 2892 1233 2987 εὐωδία
1255 2901 1306 2962 καὶ
1328 2897 1380 2975 τὰς

259 3007 320 3066 τῶν
350 3005 529 3083 θανασίμων
559 2997 726 3085 φαρμάκων
754 2997 894 3081 δυνάμεις
915 2995 1131 3082 ἀπαμβλύνειν.
1175 3007 1295 3066 Plinius
1318 3007 1381 3068 XV

328 3275 348 3341 ¹)
368 3277 447 3326 Haec
467 3275 594 3342 argutula
613 3277 754 3326 sententia
773 3274 858 3325 facile
878 3291 894 3324 a
914 3273 1087 3326 Callimacho
1106 3280 1214 3340 sumpta
1233 3283 1285 3328 est.
1314 3275 1378 3328 Ovi·

207 3415 209 3423 ,
260 3361 322 3410 dius
342 3377 367 3410 a.
388 3376 413 3410 a.
431 3361 473 3409 III
492 3363 541 3410 703
559 3377 617 3424 sqq.
1385 3359 1389 3365 ’

427 3462 559 3524 polluit,
577 3468 605 3509 nt
621 3477 697 3510 serae
715 3463 787 3510 lectis
805 3462 904 3511 devite
922 3465 1030 3512 racemis

460 3548 602 3608 pallescunt
616 3546 732 3608 frondes,
752 3562 815 3610 quos
833 3562 898 3596 novo
915 3549 989 3596 laesit
1005 3548 1108 3611 Ιιίονιμο,

428 3646 542 3695 quaeque
560 3646 619 3680 suos
637 3638 743 3679 curvant
760 3636 858 3680 oraturo
876 3633 1013 3694 cydonio
1031 3648 1122 3688 ramos,

460 3730 589 3780 cornaque
607 3716 689 3764 adbuc
706 3717 800 3766 nostris
818 3732 867 3765 non
885 3717 949 3764 arctis
966 3724 1029 3779 opto
1044 3715 1117 3764 cibis.

261 3833 293 3866 ac
312 3816 440 3866 similiter
457 3816 622 3866 Theocritus
639 3818 667 3866 II
684 3817 730 3866 88:
754 3814 807 3867 καί
821 3833 876 3882 μεν
899 3809 971 3882 χρώς
993 3811 1047 3882 μὲν
1065 3805 1163 3882 ὁμοῖος
1183 3808 1292 3881 ἐγίνετο
1310 3817 1376 3866 πολ-

258 3893 324 3951 λάκι
349 3892 448 3964 θάψω.
486 3900 601 3950 Ovidius
624 3905 687 3952 met.
710 3900 749 3952 IV
768 3902 817 3951 134
835 3915 876 3965 sq.
911 3917 1006 3966 oroque
1025 3901 1092 3950 toxo
1109 3898 1267 3964 {pallidiora
1284 3915 1377 3966 perena

257 3987 401 4044 οωίιονναίί.
428 3985 554 4035 Tibullus
571 3985 627 4050 18,
647 3987 693 4034 52:
711 3987 759 4035 sed
776 3987 864 4034 nimius
881 3987 932 4036 luto
951 4001 1062 4050 corporo
1081 3987 1155 4050 tingit
1172 3999 1251 4034 (ανον.

325 4086 347 4148 ²)
365 4086 441 4136 Solet
458 4087 531 4136 enirn
549 4087 578 4135 in
595 4087 683 4151 pomis
701 4087 858 4151 praedicari
876 4101 970 4137 roseus
988 4087 1072 4139 color.
1091 4087 1128 4136 ef.
1143 4085 1216 4136 anth.
1229 4086 1260 4134 P.
1275 4087 1299 4135 V
1311 4086 1375 4133 290:

453 4163 550 4236 Ὄμμα
568 4170 779 4236 πολοπτοίητον
796 4161 1014 4222 δπονίὲπτοοσα
1032 4163 1168 4235 τεκούσης

494 4255 630 4322 σοζνγίην
646 4249 763 4322 μήλων
781 4254 873 4307 δῶκεν
891 4247 954 4321 ἐμοὶ
973 4250 1107 4320 deditos

460 4337 604 4406 θηλντὲρη
624 4340 769 4405 χαρίεσσα,
