<?xml version="1.0" encoding="UTF-8"?>
<!DOCTYPE html PUBLIC "-//W3C//DTD XHTML 1.0 Transitional//EN"
    "http://www.w3.org/TR/xhtml1/DTD/xhtml1-transitional.dtd">
<html xmlns="http://www.w3.org/1999/xhtml" xml:lang="en" lang="en">
 <head>
  <title>
</title>
<meta http-equiv="Content-Type" content="text/html;charset=utf-8" />
  <meta name='ocr-system' content='tesseract 3.04.00' />
  <meta name='ocr-capabilities' content='ocr_page ocr_carea ocr_par ocr_line ocrx_word'/>
</head>
<body>
  <div class='ocr_page' id='page_1' title='image "./decallimachicyd00diltgoog_0118.png"; bbox 0 0 3284 5158; ppageno 0'>
   <div class='ocr_carea' id='block_1_1' title="bbox 676 415 902 480">
    <p class='ocr_par' dir='ltr' id='par_1_1' title="bbox 676 415 902 480">
     <span class='ocr_line' id='line_1_1' title="bbox 676 415 902 480; baseline 0 -1"><span class='ocrx_word' id='word_1_1' title='bbox 676 415 902 480; x_wconf 83' lang='lat'>-103-</span> 
     </span>
    </p>
   </div>
   <div class='ocr_carea' id='block_1_2' title="bbox 232 588 1457 1786">
    <p class='ocr_par' dir='ltr' id='par_1_2' title="bbox 232 588 1352 675">
     <span class='ocr_line' id='line_1_2' title="bbox 232 588 1352 675; baseline 0.004 -28"><span class='ocrx_word' id='word_1_2' title='bbox 232 595 342 648; x_wconf 85' lang='lat' dir='ltr'>notare</span> <span class='ocrx_word' id='word_1_3' title='bbox 357 595 551 667; x_wconf 86' lang='lat' dir='ltr'>sprevemnt.</span> <span class='ocrx_word' id='word_1_4' title='bbox 583 588 699 667; x_wconf 86' lang='lat' dir='ltr'>quippe</span> <span class='ocrx_word' id='word_1_5' title='bbox 715 589 775 675; x_wconf 84' lang='lat' dir='ltr'>huc</span> <span class='ocrx_word' id='word_1_6' title='bbox 788 591 920 650; x_wconf 89' lang='lat' dir='ltr'>maxime</span> <span class='ocrx_word' id='word_1_7' title='bbox 936 591 1089 651; x_wconf 88' lang='lat' dir='ltr'>inclinant</span> <span class='ocrx_word' id='word_1_8' title='bbox 1102 600 1133 651; x_wconf 91' lang='lat' dir='ltr'>et</span> <span class='ocrx_word' id='word_1_9' title='bbox 1147 591 1180 651; x_wconf 93' lang='lat' dir='ltr'>hi</span> <span class='ocrx_word' id='word_1_10' title='bbox 1197 602 1227 652; x_wconf 90' lang='lat' dir='ltr'>et</span> <span class='ocrx_word' id='word_1_11' title='bbox 1242 593 1305 667; x_wconf 93' lang='lat' dir='ltr'>ille,</span> <span class='ocrx_word' id='word_1_12' title='bbox 1318 600 1352 651; x_wconf 91' lang='lat' dir='ltr'>ut</span> 
     </span>
    </p>

    <p class='ocr_par' dir='ltr' id='par_1_3' title="bbox 232 687 1351 776">
     <span class='ocr_line' id='line_1_3' title="bbox 232 687 1351 776; baseline 0.004 -27"><span class='ocrx_word' id='word_1_13' title='bbox 232 691 265 750; x_wconf 89' lang='lat' dir='ltr'>iu</span> <span class='ocrx_word' id='word_1_14' title='bbox 288 687 447 748; x_wconf 84' lang='lat' dir='ltr'>affectibus</span> <span class='ocrx_word' id='word_1_15' title='bbox 469 698 631 749; x_wconf 87' lang='lat' dir='ltr'>versentur</span> <span class='ocrx_word' id='word_1_16' title='bbox 655 689 868 751; x_wconf 88' lang='lat' dir='ltr'>describendis</span> <span class='ocrx_word' id='word_1_17' title='bbox 898 692 1005 773; x_wconf 86' lang='lat' dir='ltr'>eisque</span> <span class='ocrx_word' id='word_1_18' title='bbox 1029 693 1238 772; x_wconf 73' lang='lat' dir='ltr'>explicandis,</span> <span class='ocrx_word' id='word_1_19' title='bbox 1271 715 1351 776; x_wconf 89' lang='lat' dir='ltr'>quae</span> 
     </span>
    </p>

    <p class='ocr_par' dir='ltr' id='par_1_4' title="bbox 232 773 1384 979">
     <span class='ocr_line' id='line_1_4' title="bbox 234 773 1384 876; baseline 0.004 -25"><span class='ocrx_word' id='word_1_20' title='bbox 234 790 381 852; x_wconf 87' lang='lat' dir='ltr'>orationis</span> <span class='ocrx_word' id='word_1_21' title='bbox 405 789 568 851; x_wconf 87' lang='lat' dir='ltr'>luminibus</span> <span class='ocrx_word' id='word_1_22' title='bbox 599 810 806 872; x_wconf 82' lang='lat' dir='ltr'>sensuumque</span> <span class='ocrx_word' id='word_1_23' title='bbox 835 794 961 871; x_wconf 82' lang='lat' dir='ltr'>argutiis</span> <span class='ocrx_word' id='word_1_24' title='bbox 987 794 1156 874; x_wconf 82' lang='lat' dir='ltr'>splendere</span> <span class='ocrx_word' id='word_1_25' title='bbox 1182 797 1350 876; x_wconf 89' lang='lat' dir='ltr'>potuerint.</span> <span class='ocrx_word' id='word_1_26' title='bbox 1366 773 1384 803; x_wconf 50' lang='grc' dir='ltr'><em>Ι</em></span> 
     </span>
     <span class='ocr_line' id='line_1_5' title="bbox 232 891 1350 979; baseline 0.004 -26"><span class='ocrx_word' id='word_1_27' title='bbox 232 891 316 953; x_wconf 92' lang='lat' dir='ltr'>unde</span> <span class='ocrx_word' id='word_1_28' title='bbox 340 893 462 966; x_wconf 86' lang='lat' dir='ltr'>factum,</span> <span class='ocrx_word' id='word_1_29' title='bbox 486 901 519 952; x_wconf 90' lang='lat' dir='ltr'>nt</span> <span class='ocrx_word' id='word_1_30' title='bbox 541 901 696 973; x_wconf 82' lang='lat' dir='ltr'>tamquam</span> <span class='ocrx_word' id='word_1_31' title='bbox 710 894 844 972; x_wconf 89' lang='lat' dir='ltr'>picturas</span> <span class='ocrx_word' id='word_1_32' title='bbox 860 896 981 976; x_wconf 91' lang='lat' dir='ltr'>utrique</span> <span class='ocrx_word' id='word_1_33' title='bbox 997 905 1176 976; x_wconf 88' lang='lat' dir='ltr'>proponant</span> <span class='ocrx_word' id='word_1_34' title='bbox 1190 899 1223 957; x_wconf 91' lang='lat' dir='ltr'>iu</span> <span class='ocrx_word' id='word_1_35' title='bbox 1240 895 1350 979; x_wconf 91' lang='lat' dir='ltr'>quibus</span> 
     </span>
    </p>

    <p class='ocr_par' dir='ltr' id='par_1_5' title="bbox 233 993 1457 1786">
     <span class='ocr_line' id='line_1_6' title="bbox 234 993 1457 1078; baseline 0.002 -22"><span class='ocrx_word' id='word_1_36' title='bbox 234 993 396 1056; x_wconf 82' lang='lat' dir='ltr'>desideres</span> <span class='ocrx_word' id='word_1_37' title='bbox 420 1002 520 1054; x_wconf 88' lang='lat' dir='ltr'>certas</span> <span class='ocrx_word' id='word_1_38' title='bbox 542 994 694 1055; x_wconf 90' lang='lat' dir='ltr'>linearum</span> <span class='ocrx_word' id='word_1_39' title='bbox 718 994 941 1057; x_wconf 81' lang='lat' dir='ltr'>distinctiones.</span> <span class='ocrx_word' id='word_1_40' title='bbox 973 1006 1004 1058; x_wconf 91' lang='lat' dir='ltr'>et</span> <span class='ocrx_word' id='word_1_41' title='bbox 1025 999 1206 1060; x_wconf 82' lang='lat' dir='ltr'>Philostrati</span> <span class='ocrx_word' id='word_1_42' title='bbox 1229 1009 1260 1059; x_wconf 87' lang='lat' dir='ltr'>et</span> <span class='ocrx_word' id='word_1_43' title='bbox 1281 999 1350 1059; x_wconf 84' lang='lat' dir='ltr'>Ari·</span> <span class='ocrx_word' id='word_1_44' title='bbox 1454 1071 1457 1078; x_wconf 19' lang='grc' dir='ltr'><strong>Δ</strong></span> 
     </span>
     <span class='ocr_line' id='line_1_7' title="bbox 233 1097 1351 1181; baseline 0.001 -23"><span class='ocrx_word' id='word_1_45' title='bbox 233 1104 391 1158; x_wconf 88' lang='lat' dir='ltr'>staenetus</span> <span class='ocrx_word' id='word_1_46' title='bbox 421 1097 626 1156; x_wconf 79' lang='lat' dir='ltr'>enarrationis</span> <span class='ocrx_word' id='word_1_47' title='bbox 649 1116 794 1158; x_wconf 89' lang='lat' dir='ltr'>summam</span> <span class='ocrx_word' id='word_1_48' title='bbox 817 1098 856 1158; x_wconf 92' lang='lat' dir='ltr'>ab</span> <span class='ocrx_word' id='word_1_49' title='bbox 880 1101 1022 1179; x_wconf 86' lang='lat' dir='ltr'>exemplo</span> <span class='ocrx_word' id='word_1_50' title='bbox 1045 1102 1205 1181; x_wconf 88' lang='lat' dir='ltr'>proposito</span> <span class='ocrx_word' id='word_1_51' title='bbox 1222 1101 1351 1160; x_wconf 91' lang='lat' dir='ltr'>mutuati</span> 
     </span>
     <span class='ocr_line' id='line_1_8' title="bbox 233 1197 1351 1262; baseline 0.002 -4"><span class='ocrx_word' id='word_1_52' title='bbox 233 1206 306 1258; x_wconf 91' lang='lat' dir='ltr'>sunt</span> <span class='ocrx_word' id='word_1_53' title='bbox 333 1217 397 1257; x_wconf 91' lang='lat' dir='ltr'>non</span> <span class='ocrx_word' id='word_1_54' title='bbox 420 1198 480 1257; x_wconf 91' lang='lat' dir='ltr'>nisi</span> <span class='ocrx_word' id='word_1_55' title='bbox 503 1197 663 1258; x_wconf 87' lang='lat' dir='ltr'>obscurato</span> <span class='ocrx_word' id='word_1_56' title='bbox 687 1218 723 1257; x_wconf 87' lang='lat' dir='ltr'>ao</span> <span class='ocrx_word' id='word_1_57' title='bbox 745 1198 916 1261; x_wconf 88' lang='lat' dir='ltr'>deformato</span> <span class='ocrx_word' id='word_1_58' title='bbox 932 1221 1033 1261; x_wconf 89' lang='lat' dir='ltr'>rerum</span> <span class='ocrx_word' id='word_1_59' title='bbox 1048 1203 1293 1262; x_wconf 78' lang='lat' dir='ltr'>adventiciorum</span> <span class='ocrx_word' id='word_1_60' title='bbox 1308 1211 1351 1261; x_wconf 86' lang='lat' dir='ltr'>at-</span> 
     </span>
     <span class='ocr_line' id='line_1_9' title="bbox 235 1299 1353 1381; baseline 0.003 -23"><span class='ocrx_word' id='word_1_61' title='bbox 235 1319 294 1381; x_wconf 90' lang='lat' dir='ltr'>que</span> <span class='ocrx_word' id='word_1_62' title='bbox 324 1299 450 1358; x_wconf 86' lang='lat' dir='ltr'>aliunde</span> <span class='ocrx_word' id='word_1_63' title='bbox 479 1301 654 1359; x_wconf 87' lang='lat' dir='ltr'>memoriter</span> <span class='ocrx_word' id='word_1_64' title='bbox 687 1300 888 1362; x_wconf 85' lang='lat' dir='ltr'>admixtamm</span> <span class='ocrx_word' id='word_1_65' title='bbox 921 1305 1119 1364; x_wconf 84' lang='lat' dir='ltr'>ornamentis.</span> <span class='ocrx_word' id='word_1_66' title='bbox 1164 1304 1250 1364; x_wconf 90' lang='lat' dir='ltr'>unde</span> <span class='ocrx_word' id='word_1_67' title='bbox 1278 1310 1353 1363; x_wconf 87' lang='lat' dir='ltr'>nata</span> 
     </span>
     <span class='ocr_line' id='line_1_10' title="bbox 235 1400 1351 1482; baseline 0.003 -22"><span class='ocrx_word' id='word_1_68' title='bbox 235 1400 388 1482; x_wconf 91' lang='lat' dir='ltr'>quaedam</span> <span class='ocrx_word' id='word_1_69' title='bbox 412 1410 458 1460; x_wconf 88' lang='lat' dir='ltr'>est</span> <span class='ocrx_word' id='word_1_70' title='bbox 480 1401 695 1461; x_wconf 87' lang='lat' dir='ltr'>molestissima</span> <span class='ocrx_word' id='word_1_71' title='bbox 717 1404 1009 1465; x_wconf 88' lang='lat' dir='ltr'>contaminatio.</span> <span class='ocrx_word' id='word_1_72' title='bbox 1055 1407 1157 1467; x_wconf 83' lang='lat' dir='ltr'>differt</span> <span class='ocrx_word' id='word_1_73' title='bbox 1178 1425 1252 1464; x_wconf 89' lang='lat' dir='ltr'>vero</span> <span class='ocrx_word' id='word_1_74' title='bbox 1276 1406 1351 1463; x_wconf 90' lang='lat' dir='ltr'>isto·</span> 
     </span>
     <span class='ocr_line' id='line_1_11' title="bbox 234 1502 1352 1592; baseline -0.001 -28"><span class='ocrx_word' id='word_1_75' title='bbox 234 1524 300 1564; x_wconf 90' lang='lat' dir='ltr'>rum</span> <span class='ocrx_word' id='word_1_76' title='bbox 322 1503 400 1562; x_wconf 88' lang='lat' dir='ltr'>ratio</span> <span class='ocrx_word' id='word_1_77' title='bbox 424 1502 484 1578; x_wconf 89' lang='lat' dir='ltr'>eis,</span> <span class='ocrx_word' id='word_1_78' title='bbox 515 1523 594 1583; x_wconf 90' lang='lat' dir='ltr'>quae</span> <span class='ocrx_word' id='word_1_79' title='bbox 616 1503 749 1564; x_wconf 88' lang='lat' dir='ltr'>redeant</span> <span class='ocrx_word' id='word_1_80' title='bbox 772 1503 812 1562; x_wconf 90' lang='lat' dir='ltr'>ad</span> <span class='ocrx_word' id='word_1_81' title='bbox 841 1506 989 1592; x_wconf 81' lang='lat' dir='ltr'>materiae</span> <span class='ocrx_word' id='word_1_82' title='bbox 1019 1507 1230 1566; x_wconf 84' lang='lat' dir='ltr'>diversitatem</span> <span class='ocrx_word' id='word_1_83' title='bbox 1258 1513 1352 1585; x_wconf 89' lang='lat' dir='ltr'>atque</span> 
     </span>
     <span class='ocr_line' id='line_1_12' title="bbox 234 1605 1353 1688; baseline 0 -24"><span class='ocrx_word' id='word_1_84' title='bbox 234 1607 429 1684; x_wconf 85' lang='lat' dir='ltr'>ingeniorum</span> <span class='ocrx_word' id='word_1_85' title='bbox 449 1612 497 1664; x_wconf 91' lang='lat' dir='ltr'>sat</span> <span class='ocrx_word' id='word_1_86' title='bbox 511 1625 654 1684; x_wconf 83' lang='lat' dir='ltr'>magnum</span> <span class='ocrx_word' id='word_1_87' title='bbox 678 1605 851 1666; x_wconf 85' lang='lat' dir='ltr'>discrimen.</span> <span class='ocrx_word' id='word_1_88' title='bbox 880 1627 1014 1688; x_wconf 84' lang='lat' dir='ltr'>namque</span> <span class='ocrx_word' id='word_1_89' title='bbox 1030 1608 1285 1668; x_wconf 88' lang='lat' dir='ltr'>Philostratorum</span> <span class='ocrx_word' id='word_1_90' title='bbox 1306 1607 1353 1664; x_wconf 91' lang='lat' dir='ltr'>in·</span> 
     </span>
     <span class='ocr_line' id='line_1_13' title="bbox 234 1707 1362 1786; baseline 0 -20"><span class='ocrx_word' id='word_1_91' title='bbox 234 1708 328 1786; x_wconf 82' lang='lat' dir='ltr'>genia</span> <span class='ocrx_word' id='word_1_92' title='bbox 349 1708 444 1786; x_wconf 82' lang='lat' dir='ltr'>longe</span> <span class='ocrx_word' id='word_1_93' title='bbox 468 1715 498 1767; x_wconf 92' lang='lat' dir='ltr'>et</span> <span class='ocrx_word' id='word_1_94' title='bbox 520 1707 656 1768; x_wconf 89' lang='lat' dir='ltr'>inventis</span> <span class='ocrx_word' id='word_1_95' title='bbox 679 1708 862 1768; x_wconf 89' lang='lat' dir='ltr'>fecundiora</span> <span class='ocrx_word' id='word_1_96' title='bbox 886 1719 916 1768; x_wconf 89' lang='lat' dir='ltr'>et</span> <span class='ocrx_word' id='word_1_97' title='bbox 938 1710 1073 1770; x_wconf 86' lang='lat' dir='ltr'>lectione</span> <span class='ocrx_word' id='word_1_98' title='bbox 1096 1707 1273 1769; x_wconf 82' lang='lat' dir='ltr'>eruditiore.</span> <span class='ocrx_word' id='word_1_99' title='bbox 1358 1707 1362 1714; x_wconf 90' lang='lat'>&#39;</span> 
     </span>
    </p>
   </div>
   <div class='ocr_carea' id='block_1_3' title="bbox 644 1945 927 1954">
    <p class='ocr_par' dir='ltr' id='par_1_6' title="bbox 644 1945 927 1954">
     <span class='ocr_line' id='line_1_14' title="bbox 644 1945 927 1954; baseline 0.011 -3"><span class='ocrx_word' id='word_1_100' title='bbox 644 1945 927 1954; x_wconf 69' lang='lat'><em>..-———--</em></span> 
     </span>
    </p>
   </div>
   <div class='ocr_carea' id='block_1_4' title="bbox 143 2112 1467 4438">
    <p class='ocr_par' dir='ltr' id='par_1_7' title="bbox 235 2112 1467 2583">
     <span class='ocr_line' id='line_1_15' title="bbox 312 2112 1355 2194; baseline 0.001 -20"><span class='ocrx_word' id='word_1_101' title='bbox 312 2113 355 2174; x_wconf 81' lang='lat' dir='ltr'>At</span> <span class='ocrx_word' id='word_1_102' title='bbox 367 2134 424 2174; x_wconf 92' lang='lat' dir='ltr'>nos</span> <span class='ocrx_word' id='word_1_103' title='bbox 436 2114 530 2173; x_wconf 89' lang='lat' dir='ltr'>telam</span> <span class='ocrx_word' id='word_1_104' title='bbox 544 2112 681 2173; x_wconf 91' lang='lat' dir='ltr'>nondum</span> <span class='ocrx_word' id='word_1_105' title='bbox 694 2117 881 2194; x_wconf 83' lang='lat' dir='ltr'>perteximus</span> <span class='ocrx_word' id='word_1_106' title='bbox 894 2115 1115 2176; x_wconf 88' lang='lat' dir='ltr'>instaurandae</span> <span class='ocrx_word' id='word_1_107' title='bbox 1127 2114 1355 2175; x_wconf 78' lang='lat' dir='ltr'>Callimacheae</span> 
     </span>
     <span class='ocr_line' id='line_1_16' title="bbox 236 2214 1367 2298; baseline 0.002 -23"><span class='ocrx_word' id='word_1_108' title='bbox 236 2216 374 2290; x_wconf 88' lang='lat' dir='ltr'>fabulae,</span> <span class='ocrx_word' id='word_1_109' title='bbox 403 2216 460 2276; x_wconf 90' lang='lat' dir='ltr'>sed</span> <span class='ocrx_word' id='word_1_110' title='bbox 486 2216 539 2275; x_wconf 90' lang='lat' dir='ltr'>vel</span> <span class='ocrx_word' id='word_1_111' title='bbox 568 2214 732 2275; x_wconf 87' lang='lat' dir='ltr'>deficiente</span> <span class='ocrx_word' id='word_1_112' title='bbox 762 2217 840 2277; x_wconf 89' lang='lat' dir='ltr'>duce</span> <span class='ocrx_word' id='word_1_113' title='bbox 861 2218 998 2292; x_wconf 89' lang='lat' dir='ltr'>rhetore,</span> <span class='ocrx_word' id='word_1_114' title='bbox 1031 2215 1083 2298; x_wconf 87' lang='lat' dir='ltr'>qui</span> <span class='ocrx_word' id='word_1_115' title='bbox 1106 2225 1209 2276; x_wconf 89' lang='lat' dir='ltr'>cetera</span> <span class='ocrx_word' id='word_1_116' title='bbox 1232 2233 1367 2298; x_wconf 82' lang='lat' dir='ltr'>quoque·</span> 
     </span>
     <span class='ocr_line' id='line_1_17' title="bbox 236 2315 1440 2398; baseline -0.002 -19"><span class='ocrx_word' id='word_1_117' title='bbox 236 2327 270 2379; x_wconf 94' lang='lat' dir='ltr'>ut</span> <span class='ocrx_word' id='word_1_118' title='bbox 292 2317 370 2388; x_wconf 90' lang='lat' dir='ltr'>nihil</span> <span class='ocrx_word' id='word_1_119' title='bbox 392 2315 432 2386; x_wconf 89' lang='lat' dir='ltr'>ad</span> <span class='ocrx_word' id='word_1_120' title='bbox 455 2337 488 2376; x_wconf 88' lang='lat' dir='ltr'>se</span> <span class='ocrx_word' id='word_1_121' title='bbox 511 2318 870 2396; x_wconf 77' lang='lat' dir='ltr'>pertinentiaabstersit,</span> <span class='ocrx_word' id='word_1_122' title='bbox 894 2320 984 2384; x_wconf 88' lang='lat' dir='ltr'>nobis</span> <span class='ocrx_word' id='word_1_123' title='bbox 1008 2320 1066 2379; x_wconf 89' lang='lat' dir='ltr'>erit</span> <span class='ocrx_word' id='word_1_124' title='bbox 1081 2319 1285 2398; x_wconf 86' lang='lat' dir='ltr'>pergendum.</span> <span class='ocrx_word' id='word_1_125' title='bbox 1320 2339 1356 2377; x_wconf 90' lang='lat' dir='ltr'>ac</span> <span class='ocrx_word' id='word_1_126' title='bbox 1437 2332 1440 2338; x_wconf 85' lang='lat'>&#39;</span> 
     </span>
     <span class='ocr_line' id='line_1_18' title="bbox 236 2417 1467 2495; baseline -0.002 -15"><span class='ocrx_word' id='word_1_127' title='bbox 236 2421 308 2480; x_wconf 87' lang='lat' dir='ltr'>licet</span> <span class='ocrx_word' id='word_1_128' title='bbox 329 2420 386 2478; x_wconf 91' lang='lat' dir='ltr'>toti</span> <span class='ocrx_word' id='word_1_129' title='bbox 409 2417 521 2480; x_wconf 88' lang='lat' dir='ltr'>abhinc</span> <span class='ocrx_word' id='word_1_130' title='bbox 543 2419 575 2478; x_wconf 91' lang='lat' dir='ltr'>in</span> <span class='ocrx_word' id='word_1_131' title='bbox 600 2422 776 2482; x_wconf 87' lang='lat' dir='ltr'>coniectura</span> <span class='ocrx_word' id='word_1_132' title='bbox 802 2439 975 2495; x_wconf 89' lang='lat' dir='ltr'>versemur,</span> <span class='ocrx_word' id='word_1_133' title='bbox 1007 2429 1111 2480; x_wconf 89' lang='lat' dir='ltr'>tamen</span> <span class='ocrx_word' id='word_1_134' title='bbox 1140 2422 1214 2480; x_wconf 90' lang='lat' dir='ltr'>satis</span> <span class='ocrx_word' id='word_1_135' title='bbox 1243 2429 1356 2480; x_wconf 90' lang='lat' dir='ltr'>certam</span> <span class='ocrx_word' id='word_1_136' title='bbox 1464 2464 1467 2472; x_wconf 86' lang='lat'>.</span> 
     </span>
     <span class='ocr_line' id='line_1_19' title="bbox 235 2521 1089 2583; baseline 0.002 -3"><span class='ocrx_word' id='word_1_137' title='bbox 235 2523 318 2580; x_wconf 90' lang='lat' dir='ltr'>viam</span> <span class='ocrx_word' id='word_1_138' title='bbox 340 2522 389 2580; x_wconf 89' lang='lat' dir='ltr'>cui</span> <span class='ocrx_word' id='word_1_139' title='bbox 411 2521 586 2580; x_wconf 89' lang='lat' dir='ltr'>insistamus</span> <span class='ocrx_word' id='word_1_140' title='bbox 608 2521 789 2583; x_wconf 88' lang='lat' dir='ltr'>habebimus</span> <span class='ocrx_word' id='word_1_141' title='bbox 810 2522 1089 2582; x_wconf 88' lang='lat' dir='ltr'>ratiocinationem.</span> 
     </span>
    </p>

    <p class='ocr_par' dir='ltr' id='par_1_8' title="bbox 143 2619 1422 4438">
     <span class='ocr_line' id='line_1_20' title="bbox 314 2619 1354 2704; baseline -0.001 -21"><span class='ocrx_word' id='word_1_142' title='bbox 314 2623 419 2683; x_wconf 84' lang='lat' dir='ltr'>Antea</span> <span class='ocrx_word' id='word_1_143' title='bbox 435 2623 517 2688; x_wconf 91' lang='lat' dir='ltr'>enim</span> <span class='ocrx_word' id='word_1_144' title='bbox 532 2619 676 2697; x_wconf 88' lang='lat' dir='ltr'>vidimus,</span> <span class='ocrx_word' id='word_1_145' title='bbox 693 2623 726 2682; x_wconf 93' lang='lat' dir='ltr'>id</span> <span class='ocrx_word' id='word_1_146' title='bbox 742 2625 843 2703; x_wconf 90' lang='lat' dir='ltr'>ipsum</span> <span class='ocrx_word' id='word_1_147' title='bbox 859 2625 1064 2703; x_wconf 82' lang='lat' dir='ltr'>fragmentum</span> <span class='ocrx_word' id='word_1_148' title='bbox 1082 2643 1143 2704; x_wconf 91' lang='lat' dir='ltr'>quc</span> <span class='ocrx_word' id='word_1_149' title='bbox 1158 2623 1275 2682; x_wconf 92' lang='lat' dir='ltr'>nullum</span> <span class='ocrx_word' id='word_1_150' title='bbox 1292 2623 1354 2682; x_wconf 90' lang='lat' dir='ltr'>evi·</span> 
     </span>
     <span class='ocr_line' id='line_1_21' title="bbox 237 2711 1355 2804; baseline -0.004 -18"><span class='ocrx_word' id='word_1_151' title='bbox 237 2726 361 2787; x_wconf 89' lang='lat' dir='ltr'>dentius</span> <span class='ocrx_word' id='word_1_152' title='bbox 389 2725 536 2785; x_wconf 89' lang='lat' dir='ltr'>convenit</span> <span class='ocrx_word' id='word_1_153' title='bbox 558 2744 625 2784; x_wconf 89' lang='lat' dir='ltr'>cum</span> <span class='ocrx_word' id='word_1_154' title='bbox 645 2725 871 2786; x_wconf 87' lang='lat' dir='ltr'>Aristaeneteis</span> <span class='ocrx_word' id='word_1_155' title='bbox 896 2745 915 2785; x_wconf 91' lang='lat' dir='ltr'>a</span> <span class='ocrx_word' id='word_1_156' title='bbox 937 2724 1173 2804; x_wconf 85' lang='lat' dir='ltr'>scholiographo</span> <span class='ocrx_word' id='word_1_157' title='bbox 1196 2724 1236 2783; x_wconf 88' lang='lat' dir='ltr'>ad</span> <span class='ocrx_word' id='word_1_158' title='bbox 1258 2711 1355 2802; x_wconf 85' lang='lat' dir='ltr'>Soph.</span> 
     </span>
     <span class='ocr_line' id='line_1_22' title="bbox 236 2818 1356 2908; baseline -0.004 -20"><span class='ocrx_word' id='word_1_159' title='bbox 236 2829 344 2906; x_wconf 83' lang='lat' dir='ltr'>Antig.</span> <span class='ocrx_word' id='word_1_160' title='bbox 357 2835 392 2890; x_wconf 85' lang='grc'>80</span> <span class='ocrx_word' id='word_1_161' title='bbox 407 2827 508 2906; x_wconf 89' lang='lat' dir='ltr'>planis</span> <span class='ocrx_word' id='word_1_162' title='bbox 521 2845 556 2886; x_wconf 89' lang='lat' dir='ltr'>ac</span> <span class='ocrx_word' id='word_1_163' title='bbox 570 2826 723 2886; x_wconf 90' lang='lat' dir='ltr'>distinctis</span> <span class='ocrx_word' id='word_1_164' title='bbox 735 2825 838 2886; x_wconf 88' lang='lat' dir='ltr'>verbis</span> <span class='ocrx_word' id='word_1_165' title='bbox 854 2828 1005 2907; x_wconf 84' lang='lat' dir='ltr'>assignari</span> <span class='ocrx_word' id='word_1_166' title='bbox 1020 2825 1063 2908; x_wconf 77' lang='grc' dir='ltr'>τῷ</span> <span class='ocrx_word' id='word_1_167' title='bbox 1077 2818 1110 2904; x_wconf 83' lang='grc' dir='ltr'>γ’</span> <span class='ocrx_word' id='word_1_168' title='bbox 1124 2823 1235 2883; x_wconf 83' lang='grc' dir='ltr'><em>αἰτίων.</em></span> <span class='ocrx_word' id='word_1_169' title='bbox 1263 2835 1356 2904; x_wconf 89' lang='lat' dir='ltr'>atque</span> 
     </span>
     <span class='ocr_line' id='line_1_23' title="bbox 237 2909 1354 3014; baseline -0.004 -25"><span class='ocrx_word' id='word_1_170' title='bbox 237 2930 325 2989; x_wconf 89' lang='lat' dir='ltr'>huius</span> <span class='ocrx_word' id='word_1_171' title='bbox 341 2909 428 2988; x_wconf 83' lang='lat' dir='ltr'>testis</span> <span class='ocrx_word' id='word_1_172' title='bbox 445 2937 538 3008; x_wconf 83' lang='lat' dir='ltr'>auget</span> <span class='ocrx_word' id='word_1_173' title='bbox 552 2927 644 2987; x_wconf 92' lang='lat' dir='ltr'>fidem</span> <span class='ocrx_word' id='word_1_174' title='bbox 663 2927 721 3006; x_wconf 82' lang='lat' dir='ltr'>frg.</span> <span class='ocrx_word' id='word_1_175' title='bbox 738 2938 781 3003; x_wconf 82' lang='lat'>30,</span> <span class='ocrx_word' id='word_1_176' title='bbox 806 2926 888 3010; x_wconf 88' lang='lat' dir='ltr'>quod</span> <span class='ocrx_word' id='word_1_177' title='bbox 907 2949 945 2988; x_wconf 87' lang='lat' dir='ltr'>ex</span> <span class='ocrx_word' id='word_1_178' title='bbox 961 2927 1071 2988; x_wconf 91' lang='lat' dir='ltr'>eodem</span> <span class='ocrx_word' id='word_1_179' title='bbox 1088 2929 1191 3014; x_wconf 88' lang='lat' dir='ltr'>aetion</span> <span class='ocrx_word' id='word_1_180' title='bbox 1207 2925 1284 2986; x_wconf 90' lang='lat' dir='ltr'>libro</span> <span class='ocrx_word' id='word_1_181' title='bbox 1302 2925 1354 2984; x_wconf 91' lang='lat' dir='ltr'>de-</span> 
     </span>
     <span class='ocr_line' id='line_1_24' title="bbox 237 3025 1356 3110; baseline -0.006 -18"><span class='ocrx_word' id='word_1_182' title='bbox 237 3040 391 3110; x_wconf 84' lang='lat' dir='ltr'>sumptum</span> <span class='ocrx_word' id='word_1_183' title='bbox 403 3031 443 3090; x_wconf 89' lang='lat' dir='ltr'>ad</span> <span class='ocrx_word' id='word_1_184' title='bbox 451 3030 617 3110; x_wconf 79' lang='lat' dir='ltr'>Cydippae</span> <span class='ocrx_word' id='word_1_185' title='bbox 630 3027 766 3089; x_wconf 88' lang='lat' dir='ltr'>fabulam</span> <span class='ocrx_word' id='word_1_186' title='bbox 776 3030 957 3090; x_wconf 89' lang='lat' dir='ltr'>rettulimus.</span> <span class='ocrx_word' id='word_1_187' title='bbox 975 3030 1072 3089; x_wconf 89' lang='lat' dir='ltr'>nihilo</span> <span class='ocrx_word' id='word_1_188' title='bbox 1085 3030 1180 3089; x_wconf 88' lang='lat' dir='ltr'>setius</span> <span class='ocrx_word' id='word_1_189' title='bbox 1187 3025 1356 3088; x_wconf 87' lang='lat' dir='ltr'>Piersonus</span> 
     </span>
     <span class='ocr_line' id='line_1_25' title="bbox 237 3117 1355 3212; baseline -0.006 -20"><span class='ocrx_word' id='word_1_190' title='bbox 237 3135 371 3194; x_wconf 86' lang='lat' dir='ltr'>verisim.</span> <span class='ocrx_word' id='word_1_191' title='bbox 387 3153 419 3212; x_wconf 86' lang='lat' dir='ltr'>p.</span> <span class='ocrx_word' id='word_1_192' title='bbox 434 3141 468 3196; x_wconf 86' lang='lat'>99</span> <span class='ocrx_word' id='word_1_193' title='bbox 483 3151 530 3211; x_wconf 86' lang='lat' dir='ltr'>sq.</span> <span class='ocrx_word' id='word_1_194' title='bbox 546 3131 591 3191; x_wconf 91' lang='lat' dir='ltr'>ita</span> <span class='ocrx_word' id='word_1_195' title='bbox 604 3131 768 3191; x_wconf 88' lang='lat' dir='ltr'>iudicavit:</span> <span class='ocrx_word' id='word_1_196' title='bbox 793 3131 839 3190; x_wconf 87' lang='lat' dir='ltr'>lte</span> <span class='ocrx_word' id='word_1_197' title='bbox 855 3135 1055 3207; x_wconf 81' lang='lat' dir='ltr'>Frepmentum</span> <span class='ocrx_word' id='word_1_198' title='bbox 1070 3133 1164 3189; x_wconf 81' lang='lat' dir='ltr'>Beati.</span> <span class='ocrx_word' id='word_1_199' title='bbox 1180 3133 1218 3188; x_wconf 77' lang='lat'>20⁴</span> <span class='ocrx_word' id='word_1_200' title='bbox 1229 3117 1355 3206; x_wconf 72' lang='lat' dir='ltr'>’.aypim</span> 
     </span>
     <span class='ocr_line' id='line_1_26' title="bbox 238 3224 1358 3316; baseline -0.006 -23"><span class='ocrx_word' id='word_1_201' title='bbox 238 3253 289 3293; x_wconf 76' lang='lat' dir='ltr'>aot</span> <span class='ocrx_word' id='word_1_202' title='bbox 311 3224 442 3316; x_wconf 76' lang='grc' dir='ltr'><em>πάσῃσιν</em></span> <span class='ocrx_word' id='word_1_203' title='bbox 464 3227 515 3291; x_wconf 75' lang='grc' dir='ltr'>ἐπὶ</span> <span class='ocrx_word' id='word_1_204' title='bbox 534 3227 720 3315; x_wconf 72' lang='grc' dir='ltr'><em>προχάνῃσιν</em></span> <span class='ocrx_word' id='word_1_205' title='bbox 743 3227 844 3308; x_wconf 80' lang='grc' dir='ltr'><strong><em>ἐφοίτα</em></strong></span> <span class='ocrx_word' id='word_1_206' title='bbox 872 3235 1080 3291; x_wconf 82' lang='lat' dir='ltr'>Aristaenetum</span> <span class='ocrx_word' id='word_1_207' title='bbox 1101 3235 1130 3289; x_wconf 85' lang='lat' dir='ltr'>in</span> <span class='ocrx_word' id='word_1_208' title='bbox 1158 3232 1213 3288; x_wconf 81' lang='lat' dir='ltr'>hee</span> <span class='ocrx_word' id='word_1_209' title='bbox 1241 3233 1358 3306; x_wconf 75' lang='lat' dir='ltr'>epistole</span> 
     </span>
     <span class='ocr_line' id='line_1_27' title="bbox 143 3314 1358 3412; baseline -0.007 -15"><span class='ocrx_word' id='word_1_210' title='bbox 143 3349 145 3356; x_wconf 90' lang='lat'>&#39;</span> <span class='ocrx_word' id='word_1_211' title='bbox 239 3341 413 3412; x_wconf 73' lang='lat' dir='ltr'>cmpressisse</span> <span class='ocrx_word' id='word_1_212' title='bbox 441 3338 543 3394; x_wconf 72' lang='lat' dir='ltr'>notheri</span> <span class='ocrx_word' id='word_1_213' title='bbox 564 3338 603 3396; x_wconf 79' lang='lat' dir='ltr'>Oi.</span> <span class='ocrx_word' id='word_1_214' title='bbox 625 3337 811 3394; x_wconf 78' lang='lat' dir='ltr'>Ruhnkenius</span> <span class='ocrx_word' id='word_1_215' title='bbox 831 3337 925 3410; x_wconf 84' lang='lat' dir='ltr'>Epist.</span> <span class='ocrx_word' id='word_1_216' title='bbox 949 3335 1020 3393; x_wconf 84' lang='lat' dir='ltr'>Crit.</span> <span class='ocrx_word' id='word_1_217' title='bbox 1042 3335 1087 3392; x_wconf 90' lang='grc' dir='ltr'>ΙΙ.</span> <span class='ocrx_word' id='word_1_218' title='bbox 1105 3353 1138 3406; x_wconf 90' lang='lat' dir='ltr'>p.</span> <span class='ocrx_word' id='word_1_219' title='bbox 1163 3337 1211 3391; x_wconf 80' lang='lat'>43.</span> <span class='ocrx_word' id='word_1_220' title='bbox 1255 3314 1358 3406; x_wconf 70' lang='lat' dir='ltr'>Itepue</span> 
     </span>
     <span class='ocr_line' id='line_1_28' title="bbox 239 3419 1365 3513; baseline -0.007 -16"><span class='ocrx_word' id='word_1_221' title='bbox 239 3443 347 3498; x_wconf 81' lang='lat' dir='ltr'>omnino</span> <span class='ocrx_word' id='word_1_222' title='bbox 368 3439 549 3513; x_wconf 82' lang='lat' dir='ltr'>referendum</span> <span class='ocrx_word' id='word_1_223' title='bbox 571 3444 614 3495; x_wconf 86' lang='lat' dir='ltr'>est</span> <span class='ocrx_word' id='word_1_224' title='bbox 635 3441 675 3495; x_wconf 81' lang='lat' dir='ltr'>ed</span> <span class='ocrx_word' id='word_1_225' title='bbox 695 3439 851 3512; x_wconf 79' lang='lat' dir='ltr'>Cydippen,</span> <span class='ocrx_word' id='word_1_226' title='bbox 880 3440 944 3494; x_wconf 85' lang='lat' dir='ltr'>lieet</span> <span class='ocrx_word' id='word_1_227' title='bbox 966 3433 1136 3494; x_wconf 74' lang='lat' dir='ltr'>scholiastes</span> <span class='ocrx_word' id='word_1_228' title='bbox 1157 3435 1301 3508; x_wconf 69' lang='lat' dir='ltr'>Sophoclis</span> <span class='ocrx_word' id='word_1_229' title='bbox 1321 3419 1365 3490; x_wconf 76' lang='lat' dir='ltr'>aei</span> 
     </span>
     <span class='ocr_line' id='line_1_29' title="bbox 240 3535 1359 3616; baseline -0.005 -18"><span class='ocrx_word' id='word_1_230' title='bbox 240 3545 394 3616; x_wconf 63' lang='lat' dir='ltr'>Antipatreia</span> <span class='ocrx_word' id='word_1_231' title='bbox 403 3560 436 3615; x_wconf 92' lang='lat' dir='ltr'>p.</span> <span class='ocrx_word' id='word_1_232' title='bbox 455 3546 511 3598; x_wconf 76' lang='lat'>216</span> <span class='ocrx_word' id='word_1_233' title='bbox 533 3553 548 3598; x_wconf 93' lang='lat' dir='ltr'>e</span> <span class='ocrx_word' id='word_1_234' title='bbox 570 3541 646 3597; x_wconf 83' lang='lat' dir='ltr'>libris</span> <span class='ocrx_word' id='word_1_235' title='bbox 666 3535 770 3597; x_wconf 80' lang='grc' dir='ltr'><strong><em>αἰτίων</em></strong></span> <span class='ocrx_word' id='word_1_236' title='bbox 790 3542 945 3596; x_wconf 83' lang='lat' dir='ltr'>desemtem</span> <span class='ocrx_word' id='word_1_237' title='bbox 959 3539 1078 3596; x_wconf 69' lang='lat' dir='ltr'>scriba:</span> <span class='ocrx_word' id='word_1_238' title='bbox 1099 3538 1150 3594; x_wconf 85' lang='lat' dir='ltr'>sed</span> <span class='ocrx_word' id='word_1_239' title='bbox 1162 3541 1211 3594; x_wconf 83' lang='lat' dir='ltr'>eet</span> <span class='ocrx_word' id='word_1_240' title='bbox 1226 3538 1359 3594; x_wconf 75' lang='lat' dir='ltr'>memorab</span> 
     </span>
     <span class='ocr_line' id='line_1_30' title="bbox 239 3639 1357 3717; baseline -0.007 -17"><span class='ocrx_word' id='word_1_241' title='bbox 239 3645 402 3700; x_wconf 79' lang='lat' dir='ltr'>scholiastae</span> <span class='ocrx_word' id='word_1_242' title='bbox 429 3643 545 3717; x_wconf 76' lang='lat' dir='ltr'>fefellit,</span> <span class='ocrx_word' id='word_1_243' title='bbox 576 3649 628 3698; x_wconf 84' lang='lat' dir='ltr'>eet</span> <span class='ocrx_word' id='word_1_244' title='bbox 649 3647 727 3698; x_wconf 87' lang='lat' dir='ltr'>certe</span> <span class='ocrx_word' id='word_1_245' title='bbox 755 3642 889 3698; x_wconf 79' lang='lat' dir='ltr'>nonnulle</span> <span class='ocrx_word' id='word_1_246' title='bbox 916 3643 1071 3712; x_wconf 73' lang='lat' dir='ltr'>exipsius</span> <span class='ocrx_word' id='word_1_247' title='bbox 1092 3639 1183 3697; x_wconf 50' lang='lat' dir='ltr'>serbis¹</span> <span class='ocrx_word' id='word_1_248' title='bbox 1200 3641 1357 3711; x_wconf 78' lang='lat' dir='ltr'>perierunt.</span> 
     </span>
     <span class='ocr_line' id='line_1_31' title="bbox 240 3734 1359 3823; baseline -0.006 -21"><span class='ocrx_word' id='word_1_249' title='bbox 240 3742 340 3817; x_wconf 89' lang='lat' dir='ltr'>vides,</span> <span class='ocrx_word' id='word_1_250' title='bbox 365 3763 424 3823; x_wconf 91' lang='lat' dir='ltr'>quo</span> <span class='ocrx_word' id='word_1_251' title='bbox 447 3743 539 3803; x_wconf 90' lang='lat' dir='ltr'>modo</span> <span class='ocrx_word' id='word_1_252' title='bbox 562 3743 660 3802; x_wconf 87' lang='lat' dir='ltr'>virum</span> <span class='ocrx_word' id='word_1_253' title='bbox 682 3761 780 3821; x_wconf 89' lang='lat' dir='ltr'>prava</span> <span class='ocrx_word' id='word_1_254' title='bbox 804 3740 843 3799; x_wconf 88' lang='lat' dir='ltr'>de</span> <span class='ocrx_word' id='word_1_255' title='bbox 860 3740 949 3800; x_wconf 87' lang='lat' dir='ltr'>aetiis</span> <span class='ocrx_word' id='word_1_256' title='bbox 966 3740 1070 3819; x_wconf 90' lang='lat' dir='ltr'>opinio</span> <span class='ocrx_word' id='word_1_257' title='bbox 1088 3738 1203 3798; x_wconf 91' lang='lat' dir='ltr'>eludat.</span> <span class='ocrx_word' id='word_1_258' title='bbox 1226 3735 1258 3796; x_wconf 96' lang='lat' dir='ltr'>id</span> <span class='ocrx_word' id='word_1_259' title='bbox 1275 3734 1359 3817; x_wconf 86' lang='lat' dir='ltr'>quod</span> 
     </span>
     <span class='ocr_line' id='line_1_32' title="bbox 240 3835 1361 3924; baseline -0.009 -17"><span class='ocrx_word' id='word_1_260' title='bbox 240 3848 337 3924; x_wconf 85' lang='lat' dir='ltr'>magis</span> <span class='ocrx_word' id='word_1_261' title='bbox 354 3847 446 3906; x_wconf 89' lang='lat' dir='ltr'>etiam</span> <span class='ocrx_word' id='word_1_262' title='bbox 461 3845 544 3906; x_wconf 84' lang='lat' dir='ltr'>eadit</span> <span class='ocrx_word' id='word_1_263' title='bbox 558 3845 591 3904; x_wconf 94' lang='lat' dir='ltr'>in</span> <span class='ocrx_word' id='word_1_264' title='bbox 607 3843 855 3916; x_wconf 87' lang='lat' dir='ltr'>Valckenarium,</span> <span class='ocrx_word' id='word_1_265' title='bbox 874 3841 926 3922; x_wconf 89' lang='lat' dir='ltr'>qui</span> <span class='ocrx_word' id='word_1_266' title='bbox 942 3839 1062 3900; x_wconf 78' lang='lat' dir='ltr'>Gallim.</span> <span class='ocrx_word' id='word_1_267' title='bbox 1076 3839 1155 3918; x_wconf 85' lang='lat' dir='ltr'>frgg.</span> <span class='ocrx_word' id='word_1_268' title='bbox 1170 3839 1249 3916; x_wconf 86' lang='lat' dir='ltr'>eleg.</span> <span class='ocrx_word' id='word_1_269' title='bbox 1266 3856 1297 3917; x_wconf 87' lang='lat' dir='ltr'>p.</span> <span class='ocrx_word' id='word_1_270' title='bbox 1307 3835 1361 3898; x_wconf 73' lang='lat'>223</span> 
     </span>
     <span class='ocr_line' id='line_1_33' title="bbox 241 3937 1359 4029; baseline -0.012 -20"><span class='ocrx_word' id='word_1_271' title='bbox 241 3949 381 4029; x_wconf 88' lang='lat' dir='ltr'>praecise</span> <span class='ocrx_word' id='word_1_272' title='bbox 409 3947 542 4007; x_wconf 86' lang='lat' dir='ltr'>correxit</span> <span class='ocrx_word' id='word_1_273' title='bbox 570 3940 603 4004; x_wconf 71' lang='lat' dir='ltr'>iv</span> <span class='ocrx_word' id='word_1_274' title='bbox 623 3943 667 4027; x_wconf 75' lang='lat' dir='ltr'>epi</span> <span class='ocrx_word' id='word_1_275' title='bbox 688 3937 721 4023; x_wconf 71' lang='grc' dir='ltr'>γ’</span> <span class='ocrx_word' id='word_1_276' title='bbox 742 3937 803 4002; x_wconf 77' lang='grc' dir='ltr'>τῶν</span> <span class='ocrx_word' id='word_1_277' title='bbox 826 3939 969 4019; x_wconf 76' lang='grc' dir='ltr'><strong><em>ἐλεγείων.</em></strong></span> <span class='ocrx_word' id='word_1_278' title='bbox 1012 3962 1095 4001; x_wconf 90' lang='lat' dir='ltr'>anno</span> <span class='ocrx_word' id='word_1_279' title='bbox 1125 3939 1198 4000; x_wconf 90' lang='lat' dir='ltr'>dein</span> <span class='ocrx_word' id='word_1_280' title='bbox 1222 3948 1291 4002; x_wconf 70' lang='lat'>1829</span> <span class='ocrx_word' id='word_1_281' title='bbox 1312 3940 1359 3998; x_wconf 89' lang='lat' dir='ltr'>in·</span> 
     </span>
     <span class='ocr_line' id='line_1_34' title="bbox 241 4040 1359 4129; baseline -0.011 -19"><span class='ocrx_word' id='word_1_282' title='bbox 241 4051 371 4129; x_wconf 86' lang='lat' dir='ltr'>genicsa</span> <span class='ocrx_word' id='word_1_283' title='bbox 393 4048 510 4128; x_wconf 89' lang='lat' dir='ltr'>prodiit</span> <span class='ocrx_word' id='word_1_284' title='bbox 529 4048 712 4109; x_wconf 85' lang='lat' dir='ltr'>Buttmanni</span> <span class='ocrx_word' id='word_1_285' title='bbox 735 4045 902 4125; x_wconf 86' lang='lat' dir='ltr'>disputatio</span> <span class='ocrx_word' id='word_1_286' title='bbox 925 4046 1049 4124; x_wconf 88' lang='lat' dir='ltr'>saepius</span> <span class='ocrx_word' id='word_1_287' title='bbox 1071 4040 1160 4103; x_wconf 89' lang='lat' dir='ltr'>nobis</span> <span class='ocrx_word' id='word_1_288' title='bbox 1182 4047 1359 4100; x_wconf 89' lang='lat' dir='ltr'>memorata.</span> 
     </span>
     <span class='ocr_line' id='line_1_35' title="bbox 241 4139 1359 4229; baseline -0.011 -19"><span class='ocrx_word' id='word_1_289' title='bbox 241 4153 267 4212; x_wconf 89' lang='lat' dir='ltr'>is</span> <span class='ocrx_word' id='word_1_290' title='bbox 279 4159 381 4212; x_wconf 88' lang='lat' dir='ltr'>antem</span> <span class='ocrx_word' id='word_1_291' title='bbox 391 4151 443 4210; x_wconf 89' lang='lat' dir='ltr'>via</span> <span class='ocrx_word' id='word_1_292' title='bbox 455 4169 491 4209; x_wconf 87' lang='lat' dir='ltr'>ac</span> <span class='ocrx_word' id='word_1_293' title='bbox 502 4151 623 4210; x_wconf 89' lang='lat' dir='ltr'>ratione</span> <span class='ocrx_word' id='word_1_294' title='bbox 635 4146 808 4229; x_wconf 89' lang='lat' dir='ltr'>procedens</span> <span class='ocrx_word' id='word_1_295' title='bbox 822 4147 984 4207; x_wconf 85' lang='lat' dir='ltr'>enucleare</span> <span class='ocrx_word' id='word_1_296' title='bbox 998 4143 1100 4205; x_wconf 86' lang='lat' dir='ltr'>studet</span> <span class='ocrx_word' id='word_1_297' title='bbox 1115 4143 1258 4214; x_wconf 87' lang='lat' dir='ltr'>aetion,</span> <span class='ocrx_word' id='word_1_298' title='bbox 1275 4139 1359 4198; x_wconf 89' lang='lat' dir='ltr'>cuius</span> 
     </span>
     <span class='ocr_line' id='line_1_36' title="bbox 241 4239 1359 4334; baseline -0.013 -21"><span class='ocrx_word' id='word_1_299' title='bbox 241 4254 307 4314; x_wconf 88' lang='lat' dir='ltr'>iure</span> <span class='ocrx_word' id='word_1_300' title='bbox 329 4261 425 4334; x_wconf 88' lang='lat' dir='ltr'>poeta</span> <span class='ocrx_word' id='word_1_301' title='bbox 446 4251 524 4312; x_wconf 93' lang='lat' dir='ltr'>illud</span> <span class='ocrx_word' id='word_1_302' title='bbox 547 4270 670 4310; x_wconf 80' lang='lat' dir='ltr'>samen</span> <span class='ocrx_word' id='word_1_303' title='bbox 694 4269 870 4310; x_wconf 85' lang='lat' dir='ltr'>caussarum</span> <span class='ocrx_word' id='word_1_304' title='bbox 896 4248 982 4309; x_wconf 90' lang='lat' dir='ltr'>libris</span> <span class='ocrx_word' id='word_1_305' title='bbox 1009 4245 1178 4305; x_wconf 86' lang='lat' dir='ltr'>intexuisse</span> <span class='ocrx_word' id='word_1_306' title='bbox 1206 4239 1359 4300; x_wconf 90' lang='lat' dir='ltr'>videatur.</span> 
     </span>
     <span class='ocr_line' id='line_1_37' title="bbox 242 4341 1422 4438; baseline -0.014 -21"><span class='ocrx_word' id='word_1_307' title='bbox 242 4363 314 4436; x_wconf 87' lang='lat' dir='ltr'>post</span> <span class='ocrx_word' id='word_1_308' title='bbox 329 4374 421 4438; x_wconf 91' lang='lat' dir='ltr'>quem</span> <span class='ocrx_word' id='word_1_309' title='bbox 435 4352 644 4418; x_wconf 90' lang='lat' dir='ltr'>Valckenario</span> <span class='ocrx_word' id='word_1_310' title='bbox 661 4352 805 4412; x_wconf 87' lang='lat' dir='ltr'>assentiri</span> <span class='ocrx_word' id='word_1_311' title='bbox 820 4351 921 4431; x_wconf 91' lang='lat' dir='ltr'>potuit</span> <span class='ocrx_word' id='word_1_312' title='bbox 933 4345 1154 4424; x_wconf 81' lang='lat' dir='ltr'>Hertabergius</span> <span class='ocrx_word' id='word_1_313' title='bbox 1170 4341 1236 4415; x_wconf 90' lang='lat' dir='ltr'>(dio</span> <span class='ocrx_word' id='word_1_314' title='bbox 1249 4341 1361 4419; x_wconf 83' lang='lat' dir='ltr'>Elegio</span> <span class='ocrx_word' id='word_1_315' title='bbox 1421 4409 1422 4414; x_wconf 44' lang='lat'>.</span> 
     </span>
    </p>
   </div>
   <div class='ocr_carea' id='block_1_5' title="bbox 0 0 1658 5158">
    <p class='ocr_par' dir='ltr' id='par_1_9' title="bbox 0 0 1658 5158">
     <span class='ocr_line' id='line_1_38' title="bbox 0 0 1658 5158; baseline 0 0"><span class='ocrx_word' id='word_1_316' title='bbox 0 0 1658 5158; x_wconf 95' lang='lat' dir='ltr'> </span> 
     </span>
    </p>
   </div>
  </div>
 </body>
</html>
