3284 5158
664 479 705 490 -
751 443 812 508 119
854 481 912 534 -.

225 614 347 689 Ναξίων
374 605 537 694 ἀνάθημα,
566 615 616 676 καὶ
645 609 799 693 καρυωτὰς
827 611 937 692 φιάλας
959 619 1077 697 χρυσᾶς.
1122 620 1184 679 alia
1205 641 1235 679 v.
1258 619 1341 699 apud

223 720 394 780 Prellerum
416 719 575 779 Polemon.
605 720 684 798 frgg.
708 740 739 799 p.
763 728 813 783 177
844 729 875 779 et
900 720 934 778 in
956 720 1098 780 Muelleri
1126 721 1206 801 frgg.
1234 721 1341 782 histor.

225 822 279 884 Cr.
295 823 342 883 IV
358 842 389 901 p.
405 827 456 883 492
471 841 540 902 sqq.
584 822 638 881 vix
660 830 735 900 puto
758 823 908 900 reprimes
931 823 1142 902 suspitionem,
1165 824 1250 883 iuxta
1262 823 1343 906 haec

224 923 351 1003 aliquod
375 917 499 982 aureum
522 944 645 1001 pomum
659 923 691 981 iu
706 922 871 982 Artemisio
887 925 1015 983 Deliaco
1032 933 1221 985 asservatum
1236 925 1341 999 fuisse,

224 1025 273 1084 cui
294 1025 372 1084 haec
394 1025 524 1104 plurave
542 1032 647 1084 essent
668 1025 832 1104 inscripta:
850 1013 1003 1096 ’Λκόντιος
1019 1016 1179 1101 ἀνέθηκεν.
1217 1027 1341 1086 omnino

223 1126 337 1186 Delum
363 1126 397 1184 in
425 1135 512 1187 tanta
534 1146 688 1186 sacrorum
708 1126 829 1185 insulae
853 1126 1030 1187 celebritate
1055 1148 1145 1186 omne
1167 1146 1266 1206 genus
1289 1125 1343 1186 do·

225 1227 319 1286 uariis
355 1235 385 1286 et
415 1227 542 1287 cimeliis
570 1228 715 1287 refertam
744 1227 838 1287 fuisse
868 1248 931 1287 non
961 1227 1086 1288 dubium
1115 1236 1170 1288 est.
1221 1229 1344 1306 singula

225 1337 326 1389 autem
342 1329 538 1389 anathemata
553 1329 606 1388 vel
621 1337 703 1388 certe
719 1327 873 1389 nobiliora
888 1331 976 1409 quasi
991 1331 1132 1388 involuta
1147 1339 1235 1390 erant
1250 1330 1343 1390 histo·

173 1491 174 1494 ,
223 1432 269 1490 ria
291 1429 431 1503 fabulari,
456 1450 547 1510 quarn
569 1430 686 1490 aeditui
707 1431 822 1491 theoria
845 1426 1069 1510 pandebant.¹)
1100 1439 1192 1511 atque
1207 1431 1266 1490 huc
1282 1431 1343 1511 Cy·

226 1531 343 1612 dippae
366 1531 501 1591 fabulam
523 1532 634 1591 refero.

308 1633 392 1692 Hinc
415 1633 575 1692 commode
601 1634 654 1692 fiet
676 1635 818 1693 transitio
841 1633 883 1692 ad
907 1653 974 1693 eam
997 1635 1224 1712 quaestionem,
1258 1634 1343 1695 unde

224 1735 360 1795 fabulam
384 1734 588 1795 Callimachus
611 1737 775 1814 acceperit.
822 1755 911 1814 quam
940 1736 1039 1815 potuit
1061 1737 1093 1794 in
1116 1736 1220 1815 aliqua
1242 1736 1342 1814 perie-

224 1839 290 1915 gesi
302 1845 414 1898 tactam
429 1837 598 1910 invenisse,
613 1837 737 1916 quando
751 1836 1119 1916 quidemanathematum
1131 1839 1343 1898 enarrationes

225 1938 404 1998 Callimachi
427 1946 530 1997 aetate
553 1939 682 2017 scriptas
707 1939 846 1998 extitisse
869 1947 999 1998 constat.
1045 1948 1138 2019 atque
1153 1939 1200 1998 his
1218 1940 1342 1998 omnino

225 2040 363 2100 fontibus
384 2039 603 2099 Callimachum
625 2040 821 2099 multifariam
843 2061 930 2100 usum
954 2060 1021 2100 esse
1044 2041 1077 2100 in
1100 2041 1189 2100 aetiis
1213 2041 1343 2100 conscri-
1437 2095 1438 2102 ,

201 2223 202 2228 ¹
224 2141 336 2201 bendis
352 2161 501 2221 perquam
518 2150 564 2200 est
580 2140 752 2219 probabile.
792 2161 827 2201 ac
849 2162 890 2202 ne
905 2142 1043 2202 historici
1059 2142 1185 2222 quidem
1199 2142 1274 2202 talia
1290 2162 1343 2200 an·

226 2243 360 2324 quirenti
383 2250 528 2322 poterant
544 2243 664 2304 steriles
680 2243 790 2302 videri.
821 2245 866 2302 ita
881 2253 964 2304 certe
980 2243 1085 2304 fabula
1100 2244 1194 2304 schol.
1211 2245 1249 2303 Il.
1266 2247 1296 2301 A
1310 2251 1345 2307 38

227 2343 324 2424 (apud
346 2345 529 2405 Muellerum
551 2327 568 2405 l
590 2345 648 2424 frg.
672 2342 737 2423 339)
770 2345 810 2404 de
832 2346 982 2425 Apolline
1006 2345 1125 2407 Cillaeo
1156 2366 1195 2406 ex
1217 2346 1344 2405 Theo-

225 2468 358 2526 pompo
374 2447 480 2520 relata,
499 2466 589 2527 quem
602 2445 685 2506 haud
702 2449 798 2506 semel
812 2446 1017 2507 Callimachus
1034 2447 1183 2521 adhibuit,
1199 2446 1345 2506 idoneum

225 2549 329 2607 aetion
352 2547 503 2626 praebere
527 2557 662 2628 poterat,
687 2557 779 2628 atque
801 2547 885 2607 idern
909 2550 1000 2607 etiam
1023 2549 1242 2627 Theopompus
1266 2549 1344 2608 eius·

224 2648 308 2709 modi
331 2658 511 2728 argumenta
533 2659 566 2708 ut
588 2650 713 2728 Pyrami
741 2669 777 2708 ac
798 2648 935 2709 Thisbae
963 2649 1105 2710 infelices
1134 2669 1251 2708 amores
1274 2650 1342 2708 teti-

225 2759 323 2831 gerat.
347 2752 387 2810 cf.
404 2752 486 2810 Plut.
507 2772 572 2810 non
594 2769 687 2831 posse
703 2752 841 2810 suaviter
855 2760 916 2818 etc.
937 2762 968 2813 10
990 2747 1091 2830 (apud
1106 2751 1270 2810 Miillerum
1285 2751 1343 2828 frg.

225 2853 303 2932 294).
334 2873 440 2912 verum
459 2854 586 2933 pronior
607 2872 709 2931 paene
733 2873 799 2912 sum
821 2853 936 2911 ineam
960 2853 1148 2932 opinionem,
1171 2860 1205 2910 ut
1219 2859 1344 2930 poetam

225 2955 307 3014 hanc
340 2954 475 3014 fabulam
509 2974 611 3014 coram
646 2955 808 3033 excepisse
842 2953 974 3014 credam.
1019 2973 1090 3012 nam
1125 2953 1344 3014 Callimachum

225 3057 344 3135 magnis
367 3077 401 3115 se
423 3054 583 3115 itineribus
613 3055 798 3114 commisisse
827 3075 890 3114 nou
919 3042 1085 3115 solum'ob
1107 3056 1165 3132 frg.
1190 3063 1254 3127 109,
1287 3053 1345 3113 sed

225 3159 370 3224 universo
395 3157 486 3216 etiarn
509 3177 624 3236 genere
646 3157 824 3235 multiplicis
848 3132 997 3217 scientiae
1022 3175 1111 3236 quam
1128 3162 1345 3214 commonstrat

225 3279 324 3340 prope
347 3267 462 3320 certum
486 3253 570 3335 est.²)
601 3269 633 3318 at
654 3259 687 3317 in
709 3259 779 3338 ipsa
802 3259 894 3317 etiam
915 3258 996 3317 Delo
1018 3257 1120 3316 insula
1142 3257 1265 3316 videtur
1288 3255 1342 3314 ali-

225 3359 372 3441 quamdiu
394 3361 610 3440 peregrinatus
635 3379 712 3422 esse.
757 3380 829 3419 nam
852 3380 918 3419 cum
941 3361 969 3418 ei
991 3359 1111 3418 insulae
1133 3359 1345 3418 Ptolemaeum

228 3462 468 3541 Philadelphum
489 3464 657 3540 imperasse
673 3461 892 3540 inscriptiones
914 3470 1009 3521 testes
1026 3480 1109 3519 nunc
1131 3461 1194 3520 sint
1210 3458 1344 3520 disertae

227 3563 280 3641 (cf.
299 3563 339 3633 C.
362 3564 387 3622 l.
412 3564 450 3625 G.
475 3565 509 3623 II
531 3584 561 3622 n.
584 3571 652 3626 2267
676 3583 756 3642 quae
778 3564 870 3623 inser.
900 3562 940 3623 ad
967 3565 1068 3642 ipsum
1090 3559 1243 3622 sacrorum
1264 3582 1344 3621 com·

226 3715 433 3724 —--—--———-

295 3799 315 3865 ¹)
335 3801 408 3862 Quot
425 3814 474 3865 per
489 3797 636 3848 Graeciam
654 3797 841 3862 reliquiae,
860 3812 930 3862 quae
948 3797 1022 3847 inter
1040 3797 1219 3846 anathemata
1236 3796 1344 3863 positae

227 3884 263 3935 ad
284 3884 397 3935 heroum
419 3899 517 3935 aevum
540 3882 723 3944 referrentur,
749 3898 765 3931 a
789 3881 979 3932 sacerdotibus
1003 3885 1030 3931 et
1054 3881 1172 3931 aedituis
1195 3881 1251 3930 sint
1268 3894 1342 3929 mon·
1441 3883 1442 3886 ’

226 3973 347 4032 stratae,
376 3986 391 4019 e
414 3963 557 4018 Pausania
581 3967 689 4018 abunde
715 3971 883 4032 compertum
906 3965 1049 4016 habemus.
1086 3965 1121 4015 ol.
1146 3965 1267 4030 Zoegam
1289 3963 1344 4014 Ab·

226 4053 405 4120 handlungen
423 4070 449 4119 p.
468 4053 518 4102 284
531 4067 589 4118 sqq.
610 4056 638 4102 et
654 4051 827 4103 Lobeckium
844 4050 980 4116 Aglaoph.
998 4066 1025 4116 p.
1044 4051 1075 4102 51
1089 4064 1130 4115 sq.v

293 4136 315 4202 ²)
333 4137 435 4189 Lincki
454 4141 545 4188 autem
565 4136 743 4188 coniecturae
761 4135 780 4186 l.
795 4151 819 4187 c.
831 4138 888 4202 pt
906 4135 1041 4201 prolatae,
1061 4133 1261 4185 Callimachum
1274 4148 1343 4190 enm,

227 4223 274 4287 qui
296 4223 325 4272 in
345 4222 429 4273 titulo
451 4220 566 4272 Athenis
590 4225 699 4287 reperto
723 4225 751 4270 et
774 4235 791 4270 a
814 4221 915 4271 Meiere
939 4222 1082 4270 comment.
1103 4219 1189 4284 epigr.
1207 4234 1233 4281 p.
1251 4219 1284 4267 23
1302 4231 1343 4281 sq.

228 4306 351 4358 exhibito
374 4307 409 4359 cb
431 4307 596 4372 largitiones
618 4307 659 4356 rei
680 4304 811 4370 publicae
833 4305 943 4373 oblatas
966 4306 1038 4355 inter
1061 4305 1137 4354 cives
1158 4302 1344 4352 Athenienses

227 4395 404 4456 memoratur,
423 4396 536 4459 poetam
553 4391 739 4457 Cyrenensem
757 4405 832 4453 esse,
851 4389 931 4441 fidem
949 4404 1003 4440 non
1020 4388 1118 4439 habeo.
