3254 5158
648 389 856 458 -ffi-

190 566 297 647 primis
320 575 392 627 sunt
420 567 603 628 nominandi
624 548 824 647 Euphorio
848 575 879 627 et
900 568 1151 638 Parthenius,
1184 590 1312 650 qnorum

190 677 353 749 utrumque
382 669 574 744 aLuciano,
614 669 848 749 Euphorionem
875 689 895 728 a
917 669 1080 730 Clemente
1111 673 1236 733 comites
1264 673 1311 733 illi

190 770 324 830 vidimus
347 770 480 831 additos.
516 779 546 832 et
561 769 772 830 Artemidorus
795 772 948 832 onirocrit.
970 773 1017 833 IV
1031 779 1080 835 63:
1103 769 1158 830 ἐἰσί
1179 763 1237 852 γὰρ
1258 771 1310 832 καὶ

189 865 273 948 παρὰ
288 863 468 950 Λυκόφρονι
489 866 521 929 έν
542 871 579 952 τῇ
597 860 775 954 Ἀλεξάνδρᾳ
797 867 847 930 καί
870 861 950 952 παρα
968 861 1147 956 Ἡρακλείδῃ
1168 869 1212 957 τῷ
1227 876 1310 932 Πον-

188 973 266 1054 τικῷ
289 969 320 1030 έν
347 976 412 1045 ταῖς
440 968 555 1051 λέσχαις
582 969 632 1030 καὶ
654 962 735 1051 παρὰ
758 973 964 1058 Παρθενίῳ
987 969 1025 1033 ἐν
1052 970 1237 1054 ἐλεγείαις
1259 973 1310 1035 καὶ

188 1068 272 1154 παρὰ
294 1065 394 1148 ἄλλοις
415 1078 534 1146 πολλοῖς
557 1072 725 1153 ἱστορίαι
748 1069 853 1148 ξέναι
876 1071 937 1135 καὶ
959 1065 1190 1156 έὶιριπτοιέ).

274 1178 303 1236 Ε
320 1177 427 1258 quibus
442 1178 609 1238 Parthenio
632 1177 838 1258 potissimum,
863 1179 916 1260 qui
937 1179 1061 1240 scholae
1075 1179 1310 1242 Alexandrinae

188 1280 288 1339 iustus
310 1288 376 1338 erat
398 1277 581 1357 alumnus²)‚
607 1280 700 1338 artius
724 1280 917 1358 cognationis
940 1301 1007 1340 cum
1031 1281 1218 1343 Callimacho
1241 1283 1309 1341 vin·

189 1382 291 1440 culum
311 1381 525 1441 intercessisse
554 1401 617 1440 non
636 1402 707 1442 ‘uno
736 1382 851 1441 indicio
876 1391 1041 1442 commotus
1063 1384 1137 1441 mihi
1158 1385 1308 1462 persuasi.

189 1481 371 1542 Callimachi
395 1490 425 1541 et
446 1482 596 1542 Partheni
626 1483 901 1564 exquisitadictio
931 1488 1079 1558 cycliorum
1101 1485 1173 1542 trita
1195 1486 1307 1543 Home-

188 1583 244 1642 rici
267 1584 415 1644 sermonis
438 1585 489 1642 via
511 1579 721 1645 incedentium
744 1584 915 1644 decantatis
938 1584 1070 1643 flosculis
1093 1605 1161 1644 cum
1182 1586 1306 1645 cavilla-

187 1687 273 1746 tione
291 1685 458 1768 opponitur
473 1706 492 1746 a
506 1685 648 1746 Polliano
665 1686 749 1744 anth.
766 1687 802 1746 P.
819 1687 869 1744 XI
885 1695 945 1750 130.
962 1694 993 1745 et
1014 1687 1047 1745 in
1067 1687 1142 1766 ipsis
1158 1688 1309 1747 Partheni

187 1781 370 1866 fragmentis
398 1788 531 1866 vestigia
560 1796 767 1866 agnoscuntur
797 1786 1024 1847 Callimacheae
1061 1789 1207 1848 orationis
1236 1789 1309 1848 licet

187 1889 220 1947 in
248 1897 337 1948 tanta
363 1889 564 1969 reliquiarum
598 1890 754 1969 paucitate
787 1909 936 1970 perquam
965 1889 1067 1950 exilia.
1088 1890 1139 1962 cf.
1168 1890 1307 1949 Meinelri

187 1991 282 2050 anall.
304 1989 395 2049 Alex.
419 1989 460 2048 ad
482 1990 588 2050 Parth.
612 1992 693 2069 frgg.
718 1998 760 2065 24,
785 2001 828 2065 32,
852 1998 895 2064 37,
912 1999 956 2054 43.
1001 1993 1136 2072 denique
1159 1991 1308 2050 Partheni

187 2092 381 2153 narrationes
411 2093 573 2152 amatorias
597 2111 688 2172 quam
716 2094 846 2153 maxime
876 2101 951 2173 puto
986 2113 1084 2171 genus
1113 2113 1148 2152 ac
1176 2093 1308 2152 colorem

187 2195 306 2254 referre
335 2194 440 2252 aetion
473 2202 728 2271 argumentorum.
780 2198 859 2274 quae
893 2202 1002 2253 cuncta
1033 2195 1134 2252 animo
1168 2195 1307 2253 volventi
1341 2209 1344 2229 ¹

186 2296 341 2376 simulque
364 2315 485 2369 eorum,
517 2315 597 2374 quae
622 2295 661 2354 de
683 2297 819 2356 Homero
844 2295 1032 2356 Callimacho
1052 2296 1222 2355 Parthenio
1247 2295 1307 2355 dis-

186 2398 361 2476 putavimus
384 2417 529 2456 summam
552 2397 768 2456 recordatione
798 2399 991 2477 percurrenti
1019 2418 1083 2457 non
1112 2406 1215 2477 potest
1243 2419 1306 2456 non

187 2501 365 2558 coniectura
388 2499 490 2558 statim
512 2497 655 2559 subnasci
678 2499 760 2558 lecto
776 2499 871 2579 Eryci
896 2501 1129 2579 epigrammate,
1154 2500 1235 2580 quod
1260 2509 1307 2558 cst

187 2602 274 2660 anth.
296 2602 333 2659 P.
357 2602 421 2661 VH
443 2606 492 2664 377
503 2622 509 2659 :

295 2699 336 2760 Εἰ
355 2698 405 2760 καὶ
428 2691 486 2760 ὑπὸ
509 2696 598 2779 χθονί
621 2703 730 2776 κεῖται,
752 2691 831 2776 ὅμως
854 2695 896 2758 icc
918 2697 969 2758 καὶ
992 2689 1066 2758 κατὰ
1087 2699 1197 2760 πίσσαν

336 2803 389 2862 cori
410 2797 632 2882 μιαρογλιέσσου
654 2794 755 2879 pedara
778 2799 971 2881 Παρθενίου,

186 3041 265 3090 cuius
282 3040 467 3106 patrocinium
486 3042 583 3089 contra
601 3038 672 3089 hunc
692 3038 810 3103 suscipit
829 3037 928 3089 Strabo
948 3037 1127 3104 cupidissime
1140 3037 1158 3088 l.
1173 3054 1218 3090 c.·.
1233 3074 1239 3088 .
1254 3074 1261 3089 .
1275 3072 1283 3087 .
1298 3075 1304 3089 .

186 3119 235 3185 τοὶς
255 3123 310 3177 τῶν
325 3116 486 3190 Ἀθηναίων
503 3117 669 3188 παρθένους

424 3199 613 3274 ἀρέσσασθαι
630 3199 764 3274 καθαρὸν
782 3198 871 3272 γένος
885 3197 1052 3273 Ἠριδοένοιο

186 3329 289 3380 veteris
308 3327 427 3378 alicuius
446 3323 546 3390 cyclici
559 3343 619 3377 csse
633 3325 700 3377 mihi
718 3327 844 3377 videntur
857 3326 1007 3392 reputanti,
1027 3327 1123 3392 quanti
1136 3327 1235 3378 Strabo
1247 3328 1303 3378 Ho-

187 3429 289 3464 merum
307 3413 424 3478 illosquc
444 3413 545 3462 fecerit
561 3416 592 3461 ut
610 3413 696 3462 omnis
714 3412 856 3462 doctrinae
876 3415 1002 3462 auctores
1016 3416 1044 3461 et
1056 3412 1212 3477 magistros.
1237 3411 1304 3462 Mei-

186 3499 286 3549 nelxius
303 3497 407 3548 vindic.
427 3497 518 3546 Strab.
537 3513 564 3562 p.
584 3497 759 3548 retrorsum
777 3495 896 3548 fortasse
914 3495 1044 3562 Apolloni
1062 3510 1124 3546 esse
1143 3496 1219 3546 dicit.

256 3581 275 3644 ¹)
294 3583 337 3633 De
348 3573 452 3644 ξέναις
471 3574 610 3645 ἱστορίαις
628 3599 654 3630 v.
673 3581 710 3631 M.
730 3580 912 3630 Schmidtium
930 3580 1040 3644 Didym.
1058 3594 1085 3646 p.
1105 3582 1155 3631 356
1173 3596 1214 3644 sq.
1232 3580 1305 3631 idem

188 3668 327 3731 spinosum
353 3665 510 3717 fabularum
536 3665 655 3716 studium
686 3665 714 3715 in
738 3665 915 3730 Euphorione
939 3663 1049 3714 Rhiano
1078 3665 1230 3715 Parthenio
1258 3665 1305 3715 ad-

188 3751 301 3800 miratus
320 3756 363 3804 est
380 3751 523 3814 Tiberius,
543 3751 589 3816 qui
608 3767 622 3800 e
641 3751 830 3815 grammaticis
849 3764 982 3815 quaerere
1001 3747 1123 3810 solebat,
1143 3766 1207 3814 qaae
1225 3757 1306 3800 mater
1382 3795 1391 3812 ,

187 3836 319 3894 Hecubae,
344 3837 413 3902 quod
429 3836 525 3886 Achilli
549 3852 637 3886 nomen
654 3836 723 3884 inter
740 3835 850 3899 οἱνριίιεο
870 3833 975 3896 suisset,
999 3833 1061 3898 quid
1077 3833 1182 3884 Sirenes
1199 3842 1305 3884 cantare

187 3922 236 3969 sint
260 3921 360 3970 solitae.
397 3920 433 3971 cf.
453 3920 564 3970 Sueten.
588 3919 681 3968 Tiber.
701 3935 725 3968 c.
744 3921 784 3970 ⁸10.
821 3918 964 3967 simillima
987 3921 1016 3967 et
1034 3917 1110 3967 anth.
1135 3919 1166 3968 P.
1185 3919 1225 3968 XI
1243 3921 1301 3981 321,

188 4006 249 4054 tet
266 4006 330 4068 347,
351 4005 368 4054 4
392 4021 452 4055 cum
478 4003 644 4054 Callimachi
668 4005 807 4054 mentione
831 4005 988 4068 iunguntur.
1027 4003 1142 4054 candem
1161 4003 1245 4053 etiam
1269 4003 1303 4052 ob

189 4104 314 4139 caussam
330 4088 491 4140 Hadrianus
514 4089 691 4152 Homerum
710 4088 921 4151 insectatus,
941 4088 1135 4140 Antimachum
1152 4092 1302 4138 veneratus

190 4187 248 4222 esse
272 4173 389 4224 videtur.
413 4175 451 4224 ci.
468 4175 550 4224 Dion.
567 4173 645 4224 Cass.
662 4174 753 4222 LXIX
771 4175 796 4222 4.
829 4173 940 4223 odiosus
958 4175 1093 4225 Homerus
1113 4176 1140 4222 et
1158 4170 1303 4236 Caligulae

189 4245 626 4323 mmmmmam

252 4340 275 4407 ²)
295 4341 338 4392 cf.
357 4342 481 4393 Meineki
500 4341 584 4395 anall.
603 4341 680 4394 Alex.
699 4358 725 4408 p.
745 4343 803 4393 258.
