3254 5158
676 415 887 480 ‚61-

307 589 358 650 Ad
382 608 544 662 summam,
580 597 761 666 argumenta
788 591 848 649 ista
876 609 978 671 neque
1008 591 1082 650 novi
1111 591 1271 670 quicquam
1302 590 1341 651 de

225 689 390 770 Cydippae
407 689 512 749 fabula
527 710 584 750 nos
601 689 771 750 docuerunt
786 710 889 771 neque
910 691 1036 752 aliunde
1052 693 1196 752 conclusa
1211 691 1342 772 probata

224 811 279 850 sua
301 792 482 851 auctoritate
505 801 635 871 possunt
658 793 847 852 confirmare.
893 813 952 872 quo
975 794 1072 870 magis
1096 794 1278 873 quaestione
1302 793 1340 853 de

222 892 284 951 fide
306 901 400 972 atque
424 892 544 972 origine
568 913 672 953 eorum
695 902 943 972 argumentorum
964 894 1210 973 interponenda,
1234 914 1301 954 cum
1324 915 1342 953 a

224 995 384 1072 proposito
406 1003 586 1072 argumento
610 994 650 1053 ad
674 1015 723 1054 res
746 996 870 1074 penitus
892 996 968 1055 alias
991 1015 1048 1054 nos
1064 995 1233 1055 obductura
1249 1005 1340 1069 esset,

223 1094 305 1153 hanc
328 1093 569 1174 disputationem
590 1096 816 1176 interrumpere
841 1083 872 1156 et
894 1096 1052 1156 retardare
1075 1097 1237 1156 noluimus.

308 1197 397 1256 Haec
422 1205 587 1276 postquam
613 1199 839 1277 supplevimus,
874 1199 935 1256 iam
961 1197 1095 1258 redimus
1132 1198 1172 1258 ad
1204 1198 1341 1258 Aristae-

222 1305 338 1356 netum.

310 1399 420 1459 Statim
452 1401 561 1477 igitur,
596 1399 726 1474 Aconti,
760 1409 793 1460 ut
825 1399 932 1460 vidisti
965 1401 997 1459 in
1030 1401 1194 1461 Artemisio
1227 1402 1341 1461 seden-

223 1508 287 1560 tem
309 1500 505 1580 Oydippam,
537 1500 660 1580 Cupido
684 1492 738 1559 aa
757 1523 841 1573 τινας
862 1494 1047 1577 παραδόξους
1069 1495 1204 1578 μηχανὰς
1225 1499 1340 1562 διαπλέ-

222 1622 300 1675 καν,
323 1588 453 1660 ὑπέθετό
476 1618 521 1660 σοι
550 1596 729 1678 καινοτάτην
751 1597 874 1680 βουλήν,
897 1596 978 1680 τοὶχα·
993 1622 1051 1661 κου
1072 1599 1104 1661 τὸ
1127 1595 1181 1661 cdv
1202 1597 1339 1680 αἰδούμε-

222 1721 273 1773 νος
301 1695 419 1772 κάλλος.
466 1705 544 1764 haec
575 1705 637 1762 iarn
673 1705 829 1763 Merccrus
867 1724 932 1763 curn
970 1705 1123 1764 simillima
1153 1707 1341 1784 comparavit

221 1804 363 1880 Platonis
392 1805 451 1863 hac
480 1807 637 1865 sententia
666 1826 765 1886 symp.
797 1806 914 1866 XXIII
942 1815 995 1869 203
1011 1806 1046 1865 d:
1080 1795 1155 1864 nard
1178 1793 1203 1861 δ’
1229 1789 1268 1864 αὖ
1289 1796 1340 1864 τὸν

222 1902 331 1982 πατέρα
360 1899 517 1983 ἐπίβουλός
544 1902 623 1965 ἐστιν
656 1897 777 1986 (Ἔρως)
808 1911 869 1978 τοῖς
896 1909 998 1977 καλοῖς
1030 1903 1080 1964 καὶ
1112 1911 1173 1977 τοῖς
1201 1899 1339 1985 ἀγαθοῖς,

223 1993 359 2085 ἀνδρεῖος
398 1997 441 2066 cdv
477 2005 527 2066 nai
566 2007 632 2084 ἴτης
660 2006 710 2067 καὶ
747 2003 904 2082 σύντονος,
941 1997 1092 2086 θηρευτὴς
1128 2002 1241 2084 δεινός,
1283 1996 1342 2067 dat

218 2130 333 2180 τινας
371 2105 519 2168 πλέκων
555 2104 742 2187 μηχανάς,
771 2107 821 2168 καὶ
858 2101 1029 2188 φρονήσεως
1066 2103 1252 2187 ἐπιθυμητὴς
1288 2108 1339 2169 καὶ

223 2203 365 2288 πόριμος,
407 2211 582 2286 φιλοσοφῶν
618 2204 666 2269 dmi
696 2201 805 2283 παντὸς
840 2211 894 2270 τοῦ
925 2211 1010 2288 βίον,
1049 2202 1145 2283 δεινὸς
1180 2206 1253 2290 γόης
1289 2209 1339 2271 καὶ

223 2302 395 2390 φαρμακεης
422 2309 473 2369 καὶ
495 2305 649 2388 σοφιστής.
693 2314 782 2375 vides
804 2315 873 2393 ipsa
895 2316 1005 2392 partim
1028 2314 1218 2373 Aristaeneti
1244 2314 1341 2374 verba

224 2416 396 2474 ePlatone
426 2435 494 2474 esse
521 2417 716 2495 transcripta.
762 2415 818 2474 sed
845 2434 921 2474 cave
949 2415 1114 2475 concludas
1143 2416 1232 2489 inde,
1268 2437 1337 2476 sen·

189 2571 191 2574 .
222 2517 351 2576 tentiam
385 2525 480 2575 totam
515 2516 553 2576 de
587 2538 641 2577 suo
675 2516 835 2577 addidisse
869 2517 1051 2595 sophistam,
1085 2518 1174 2576 immo
1209 2517 1339 2577 eandem

223 2603 330 2696 procul
353 2616 444 2677 dubio
469 2617 675 2677 Callimachus
699 2618 847 2678 adhibuit.
893 2638 964 2676 nam
994 2627 1025 2676 et
1048 2618 1204 2677 contextui
1227 2619 1270 2676 ita
1293 2627 1340 2676 est

224 2727 297 2796 apta
319 2727 350 2778 et
372 2719 578 2794 conveniens,
601 2729 635 2778 ut
656 2721 763 2779 mirum
784 2720 880 2792 foret,
905 2719 930 2778 si
954 2738 1021 2776 earn
1043 2737 1146 2796 paene
1168 2719 1246 2777 ultro
1270 2738 1339 2777 sese

225 2821 405 2880 offerentem
433 2830 527 2900 poeta
554 2821 738 2899 sprevisset,
770 2829 801 2879 et
827 2820 957 2879 Latinus
986 2827 1079 2896 poeta
1108 2817 1218 2877 eodem
1246 2819 1340 2877 utitur

225 2924 326 2982 colore
348 2923 414 2982 XX
436 2929 468 2984 27
492 2942 562 3002 sqq.

376 3051 402 3099 ta
425 3044 494 3098 mihi
514 3045 680 3115 conpositis,
703 3045 729 3099 si
750 3045 819 3115 qnid
840 3049 933 3098 tamen
955 3045 1076 3116 spinas,
1100 3048 1164 3096 arte

426 3146 583 3201 adstrinxit
604 3146 696 3201 verbis
717 3148 879 3218 inpeniosns
900 3137 1025 3217 Amor¹).

375 3248 487 3303 dictatis
509 3248 544 3302 ab
566 3262 599 3302 eo
619 3245 681 3318 fect
700 3249 846 3318 sponsalia
869 3246 976 3314 verbis,

425 3349 608 3420 consultoque
627 3347 678 3420 fni
698 3350 771 3405 iaris
792 3347 897 3404 Amore
920 3346 1013 3419 safer.

224 3516 326 3566 nullius
343 3516 395 3566 ills
414 3515 488 3581 preti
505 3519 577 3566 sunt.
602 3514 762 3579 speciminis
779 3513 841 3564 loco
860 3528 1047 3575 commemoro,
1069 3512 1140 3577 qnod
1157 3513 1186 3561 in
1205 3512 1264 3564 cod.
1278 3511 1340 3562 Gis-

224 3602 298 3651 sensi
315 3617 341 3650 n.
356 3602 388 3652 66
406 3600 471 3650 olim
484 3598 653 3649 Menteliano
672 3614 746 3650 saec.
759 3599 823 3648 XIV
834 3598 974 3663 vergentis
993 3596 1169 3663 glossematis
1188 3597 1222 3647 ab
1243 3597 1339 3646 eadem

225 3700 279 3750 qua
297 3686 383 3736 verba
395 3688 495 3751 poetae
514 3699 596 3734 manu
615 3683 725 3748 scriptis
745 3683 856 3749 oppleto
875 3682 923 3745 (cf.
936 3682 1050 3731 Adriani
1069 3681 1153 3731 catal.
1171 3676 1238 3729 bibl.
1259 3677 1339 3729 acad.

225 3769 296 3820 Giss.
315 3786 340 3834 p.
353 3771 386 3821 20
399 3785 439 3834 sq.
458 3774 486 3819 et
503 3769 681 3820 Welckerum
700 3767 738 3818 kl.
759 3767 835 3821 Schr.
849 3768 877 3816 Il
894 3782 921 3831 p.
935 3768 983 3815 117
996 3782 1033 3829 ο.,
1053 3766 1098 3830 qui
1115 3769 1208 3815 tamen
1226 3764 1339 3813 nimium

225 3854 323 3904 tribuit
349 3853 398 3904 vili
424 3854 490 3904 huic
516 3852 598 3916 libro)
626 3853 762 3918 epistulae
781 3853 832 3901 XX
859 3851 1034 3901 summarium
1062 3854 1117 3911 est,
1142 3863 1194 3913 qno
1214 3847 1340 3914 Cydippa

224 3939 422 3988 sanctimonialis
441 3938 528 3989 fuisse
547 3938 656 3987 dieitur.
693 3936 805 3987 scilicet
823 3935 856 3986 ob
881 3951 924 4000 ep.
941 3935 991 3984 XX
1009 3935 1066 3987 204.
1098 3937 1219 3983 ceterum
1243 3933 1339 3984 eodem

224 4021 287 4072 loco
305 4023 359 4072 iam
378 4022 492 4088 legitur:
578 4024 678 4087 accepit
702 4037 800 4086 pomam
825 4022 851 4069 in
878 4037 926 4085 qno
953 4021 1015 4070 istos
1039 4033 1128 4069 versus
1153 4019 1258 4082 scripsit
1283 4019 1339 4072 inno

224 4108 270 4157 tibi
290 4123 353 4158 sane
373 4124 423 4172 per
444 4108 541 4156 mistica
562 4122 640 4156 saara
661 4109 756 4156 dianae
778 4121 815 4154 me
838 4105 884 4154 tibi
899 4112 1028 4154 sentinam
1045 4106 1157 4154 comitem
1173 4117 1340 4166 sponsamque

221 4191 346 4254 saturam.
367 4191 404 4241 cl.
416 4190 519 4240 Antoni
531 4188 627 4241 Volsci
639 4205 742 4256 argum.
758 4204 801 4253 ep.
814 4189 864 4238 XX
883 4193 912 4239 et
923 4188 1133 4239 Boissonadium
1153 4187 1187 4235 sd
1200 4187 1340 4235 Aristaen.

244 4313 250 4325 .
286 4278 328 4328 64.

223 4292 241 4342 p
269 4280 312 4425 3¹)
333 4362 363 4411 Si
379 4363 442 4426 qnid
457 4368 539 4410 tamen
556 4360 650 4424 epimns
666 4376 682 4409 a
699 4375 736 4408 me
750 4327 839 4409 hahet
856 4359 1021 4409 Puteaneus.
1041 4358 1070 4406 in
1089 4357 1186 4422 quibus
1198 4355 1281 4418 iunge
1294 4352 1339 4404 vel
