3254 5158
764 385 889 488 942
933 463 974 472 -

311 606 344 662 in
367 603 507 681 epistulis
528 600 642 661 Aconti
669 608 699 660 et
723 599 886 680 Cydippae
907 607 1006 659 totum
1032 599 1099 656 fere
1120 616 1188 656 sese
1216 596 1368 675 applicuit
1390 597 1429 656 ad
1466 617 1468 621 ·

313 705 492 765 Callimachi
515 705 660 783 elegiam,
684 704 729 761 ita
750 702 835 760 illam
857 701 931 760 facit
953 701 1107 762 dicentem
1128 699 1211 760 XXI
1234 707 1285 761 209
1307 719 1376 779 sqq.

513 809 654 876 mirabor,
677 821 766 880 quare
786 806 836 860 tibi
855 820 954 861 nomon
977 804 1110 861 Acontius
1129 809 1218 860 essct.-

555 911 630 982 quod
646 909 741 982 faciat
762 909 840 979 Ionpc
861 908 959 963 uulnus
980 921 1097 962 acumen
1115 905 1209 962 bobes.

514 1017 593 1068 certe
614 1026 662 1084 epo
685 1011 813 1066 concalui
832 1009 953 1064 nondum
976 1010 1010 1065 de
1032 1011 1145 1064 vulnere
1167 1007 1231 1074 toti,

555 1118 588 1169 ut
608 1114 697 1169 uculo
718 1113 833 1184 scrqrtis
854 1114 960 1166 eminus
982 1113 1040 1166 ictu
1060 1112 1124 1168 tois.

311 1231 398 1290 vides
419 1231 564 1291 Latinum
586 1238 723 1309 poetam,
756 1249 824 1311 cum
846 1225 1221 1306 Graecae‘originationis
1243 1224 1431 1284 commodam

310 1332 491 1391 facilitatem
519 1351 652 1412 aequare
680 1351 744 1389 non
771 1339 876 1409 posset
904 1331 1050 1408 idemque
1080 1329 1184 1388 lumen
1216 1327 1300 1386 istud
1332 1326 1431 1386 nollet

313 1434 502 1513 relinquere,
526 1435 603 1493 scite
625 1435 669 1492 ita
691 1453 724 1492 se
750 1433 924 1511 expediise,
953 1440 987 1491 ut
1015 1430 1055 1490 ad
1078 1417 1296 1510 explicandum
1316 1427 1431 1488 Aconti

311 1556 424 1594 nomen
460 1529 577 1592 acumen
614 1535 798 1594 adscisceret
834 1542 964 1613 perapta
999 1542 1181 1612 usurpatum
1218 1531 1429 1610 ambiguitate.

311 1639 433 1698 tametsi
455 1639 499 1698 eis
522 1657 602 1717 quae
624 1646 785 1710 secuntur,
809 1637 939 1696 maxime
961 1639 1046 1692 iaculi
1059 1635 1231 1708 mentione,
1251 1633 1430 1693 'considera-

311 1741 350 1798 tis
375 1740 413 1798 de
437 1740 555 1800 Graeco
578 1738 718 1817 exemplo
746 1737 896 1798 dubitatio
919 1738 1054 1798 residere
1081 1739 1202 1816 nequit.
1245 1737 1346 1796 sentio
1373 1736 1430 1814 igi-

311 1849 361 1900 tur
387 1843 440 1900 ita.
492 1841 698 1901 Callimachus
732 1849 875 1920 poetatus
911 1849 957 1900 est
983 1839 1150 1900 Acontinm
1182 1818 1333 1896 daooctsoo
1365 1845 1431 1895 tum

311 1943 530 2022 pulcritudinis
553 1963 628 2002 suae
650 1942 772 2002 aculeos
796 1944 830 2001 in
852 1942 973 2022 crebros
996 1942 1210 2014 admiratores,
1233 1949 1299 2000 tum
1320 1941 1353 1998 in
1370 1938 1429 2019 Cy·

209 2031 217 2038 *
313 2045 439 2123 dippam
461 2053 569 2124 postea
591 2044 686 2104 fatale
709 2045 787 2104 illud
808 2064 941 2124 pomum.

314 2245 414 2279 cusam.
451 2245 514 2278 nam
532 2228 674 2278 Merkelus
693 2230 740 2292 qui
758 2229 792 2279 de
811 2229 910 2280 Ouidio
930 2230 1030 2296 optime
1048 2229 1161 2292 meruit,
1182 2231 1248 2293 puto
1267 2242 1302 2278 ne
1320 2228 1431 2290 ineptum

302 2315 514 2386 *superstitionem
539 2312 669 2378 amplecti
690 2314 845 2379 videretur,
868 2329 951 2366 versu
974 2316 1005 2364 12
1029 2313 1165 2364 conclusit
1187 2311 1335 2378 epistulam
1356 2310 1429 2372 XXI,

312 2399 434 2450 relicuos
451 2415 562 2464 versus,
587 2399 651 2464 quia
670 2399 769 2449 desunt
786 2401 816 2448 in
833 2399 1036 2464 antiquioribus
1056 2399 1211 2460 codicibus,
1233 2413 1269 2447 ne
1289 2395 1430 2446 inclinatis

313 2486 422 2550 quidem
436 2485 538 2536 litteris
551 2485 697 2549 impressos
711 2485 740 2533 in
753 2498 801 2534 suo
815 2483 913 2534 Ovidis
932 2484 989 2550 legi
1007 2499 1118 2549 passus,
1134 2485 1229 2548 inquo
1246 2481 1350 2532 honore
1363 2480 1430 2546 Sap-

311 2570 380 2635 phus
399 2574 474 2620 certe
496 2568 645 2635 epistulam
667 2569 774 2619 habuit.
808 2570 954 2634 putavitne
978 2569 1065 2634 igitur
1085 2568 1176 2618 tales
1194 2583 1289 2620 versus
1314 2583 1347 2617 ex
1364 2563 1431 2615 Itali

315 2656 410 2706 nescio
429 2657 506 2706 cuius
525 2655 638 2706 officina
655 2655 764 2720 prodire
782 2655 923 2720 potuisse?
952 2657 1027 2704 certe
1047 2669 1108 2704 eam
1125 2653 1299 2705 Lachmanni
1312 2655 1346 2720 ⁵et
1359 2651 1430 2700 Mer-

312 2739 371 2789 keli
389 2745 509 2796 mentem
534 2740 620 2790 fnisse
641 2739 690 2790 alii
712 2739 870 2805 conlegere.
906 2743 936 2788 at
953 2739 1026 2789 hanc
1045 2755 1111 2791 vero
1129 2740 1299 2789 sententiam
1315 2735 1431 2788 velnna

309 2824 512 2875 Maximiani
535 2826 655 2876 imitatio
672 2811 791 2876 nondum
814 2825 1007 2876 animadversa
1030 2824 1212 2888 convelleret,
1237 2823 1308 2888 eleg.
1331 2822 1345 2872 I
1367 2821 1431 2872 254:

307 2926 392 2974 parvo
409 2913 469 2960 licet
485 2927 597 2976 mappam
617 2913 722 2975 puilia
741 2911 868 2975 pondus
891 2911 1014 2962 babent.
1037 2911 1073 2961 ci.
1093 2909 1143 2962 Ov.
1164 2925 1206 2976 ep.
1225 2909 1291 2958 XXI
1310 2908 1372 2958 170:
1405 2911 1431 2955 ct

311 2997 414 3060 pravius
432 2999 497 3046 tusto
513 2997 617 3060 pullio
631 2997 757 3060 pondus
774 2996 897 3048 tabent.
934 2995 1005 3045 unde
1023 2994 1206 3061 probabiliter
1224 2990 1389 3053 concludas,
1414 3006 1430 3039 a

311 3079 481 3131 Maximiano
494 3080 578 3132 Ovidi
591 3096 658 3146 prae
672 3080 773 3130 ceteris
786 3080 915 3144 diligenti
932 3081 1071 3131 imitatore
1085 3078 1232 3144 epistulam
1244 3077 1309 3128 XXI
1320 3080 1351 3126 ut
1364 3074 1430 3126 Ori·

311 3164 422 3214 dianam
436 3179 496 3215 esse
515 3165 680 3234 lectitatum.
709 3167 772 3214 sunt
789 3169 883 3216 tamen
896 3169 924 3215 et
937 3166 967 3216 in
983 3165 1045 3231 ipsa
1058 3179 1143 3215 nuce
1163 3163 1279 3229 elegia
1295 3177 1352 3212 non
1368 3163 1431 3226 post

312 3248 430 3314 Augusti
443 3250 573 3300 Tiberive
592 3254 699 3315 tempus
718 3250 823 3315 scripta
842 3249 976 3313 quaedam
989 3249 1199 3301 simiIItudinem
1216 3264 1271 3298 non
1289 3246 1431 3298 fortuitam

313 3347 375 3382 cum
387 3335 514 3384 versibus
527 3335 663 3400 epistulae
676 3334 743 3384 XXI
760 3335 922 3400 quibusdam
935 3335 1082 3398 habentia,
1102 3337 1132 3384 in
1144 3335 1244 3400 quibus
1256 3333 1329 3383 hanc
1348 3346 1431 3398 quam

310 3416 388 3466 illam
406 3419 529 3484 exemplo
548 3420 634 3470 fuisse
651 3421 712 3470 veri
728 3418 845 3471 similius
859 3424 908 3473 est.
946 3421 983 3475 cf.
1003 3437 1045 3486 ep.
1064 3421 1129 3470 XXI
1147 3423 1162 3472 't
1182 3423 1210 3469 et
1227 3434 1289 3472 nuc.
1308 3419 1367 3482 121,
1387 3433 1430 3482 ep.

309 3501 375 3552 XXI
395 3503 442 3552 181
464 3507 491 3554 et
508 3520 571 3556 nuc.
590 3506 615 3558 5.
650 3509 804 3570 spretorum
822 3509 914 3557 autem
933 3507 983 3557 236
1000 3521 1129 3558 versuum
1147 3505 1249 3570 optime
1268 3518 1356 3568 nuper
1373 3517 1430 3552 rem

310 3589 433 3653 suscepit
451 3590 592 3640 Lucienus
611 3590 762 3642 Muellerus
780 3589 799 3642 1.
820 3606 843 3641 c.
862 3607 888 3656 p.
906 3591 940 3642 43
958 3605 1033 3658 sqq,
1052 3591 1099 3656 qui
1117 3591 1227 3642 omnino
1246 3589 1279 3639 de
1297 3592 1358 3638 tota
1375 3587 1430 3637 hac

311 3674 472 3736 quaestione
488 3691 522 3726 ea
540 3675 679 3727 subtiliter
697 3676 865 3742 disputavit,
884 3677 981 3742 quibus
999 3692 1043 3726 me
1061 3675 1154 3726 iudice
1171 3676 1244 3726 ratio
1264 3674 1322 3723 fere
1342 3672 1429 3724 conti·

309 3762 408 3808 nentur
421 3759 503 3811 huius
516 3762 650 3812 materiae
663 3767 740 3812 recte
758 3762 932 3812 tractandae.
964 3778 998 3812 ac
1010 3761 1114 3812 clamat
1128 3759 1212 3812 etiam
1226 3759 1350 3810 codicum
1364 3772 1428 3808 con·

310 3842 383 3894 dicio
400 3847 509 3896 anobis
521 3847 551 3897 in
568 3848 746 3914 praefatione
760 3847 795 3898 ad
812 3847 864 3898 XX
882 3852 911 3897 et
922 3847 988 3897 XXI
1006 3845 1172 3912 explanata,
1191 3860 1273 3910 quam
1290 3859 1346 3894 non
1362 3858 1428 3894 vere

309 3943 396 3992 nuper
413 3933 557 3995 repetierit
574 3933 768 3998 Bernhardyus
786 3948 871 3984 roem.
889 3934 944 3983 Lit.
964 3931 1017 3997 (cd.
1035 3931 1084 3997 IV)
1103 3949 1130 3997 p.
1148 3932 1211 3982 52⁷:
1247 3931 1288 3981 die
1306 3931 1428 3994 diploma-

313 4014 391 4064 tisote
413 4016 547 4068 Tradition
565 4017 647 4068 brictt
664 4019 705 4068 bei
721 4022 765 4084 21,
784 4022 818 4070 12
836 4019 876 4072 ab.
913 4021 1035 4069 ceterum
1054 4016 1191 4082 epistulae
1208 4014 1311 4067 Aconti
1329 4019 1358 4064 et
1375 4011 1428 4076 Cy·

310 4099 411 4166 depae
430 4101 543 4152 duorum
557 4107 653 4167 aperto
672 4107 735 4154 sunt
753 4107 903 4154 auctorum.
933 4118 1052 4168 namque
1070 4103 1138 4152 XXI
1154 4101 1240 4153 multo
1258 4098 1425 4166 ineleganti-

309 4185 364 4235 oris
379 4189 461 4251 atque
479 4187 676 4238 immaturioris
691 4194 733 4240 est
749 4189 854 4254 ingeni.
890 4187 1034 4254 probabile
1052 4203 1120 4239 vero
1134 4191 1191 4251 est,
1209 4188 1282 4238 inter
1300 4187 1430 4235 auctores

310 4267 489 4333 epistularum
503 4273 568 4323 XVI
583 4275 611 4324 et
622 4271 714 4336 XVII,
733 4273 826 4324 XVIII
840 4279 866 4324 et
878 4275 956 4335 XIX,
974 4275 1025 4325 XX
1039 4277 1066 4324 et
1077 4273 1144 4324 XXI
1163 4271 1277 4324 eandem
1291 4271 1429 4321 rationem

306 4356 502 4410 intercessisse
522 4363 604 4424 atque
621 4357 694 4408 inter
713 4357 842 4412 Ovidium
860 4363 889 4410 et
906 4358 1047 4414 Sabinum.
