3284 5158
734 424 941 491 ..92w

423 593 503 678 Ἤδη
525 597 580 678 μὲν
601 593 776 680 spontin
799 590 978 660 Πιτανάτιὸι
999 597 1156 658 mitrato
1178 591 1284 682 νύμφᾳ

459 701 639 789 Κλειναρὲτα
661 698 824 782 χρυσέων
845 690 984 773 παστὰς
1006 698 1074 760 tra
1095 695 1281 774 θαλάμων.

280 843 318 901 cf.
334 841 440 921 Apoll.
456 841 557 901 Rhod.
574 841 620 902 IV
637 847 704 903 1139
720 860 798 919 sqq,
815 839 933 898 Himer.
950 861 993 899 or.
1009 840 1067 912 14,
1086 837 1249 898 Olaudian.
1266 837 1393 916 epithal.
1479 921 1482 924 Ι

171 919 176 938 ⁸
279 953 347 1016 213,
376 945 492 1002 Lucan.
515 944 631 1006 11357.
676 943 780 1000 Nonn.
803 941 898 1000 Dion.
921 941 950 1001 V
972 949 1005 1002 91
1035 940 1143 1001 Venus
1167 939 1276 1000 Cadmi
1304 947 1394 998 ornat

280 1038 427 1123 (ἐκόσμεε)
450 1044 626 1103 thalamum.
674 1063 781 1102 verum
810 1051 883 1101 ante
917 1051 1036 1101 6616166
1065 1041 1150 1101 utilis
1181 1039 1289 1100 estad
1314 1061 1393 1099 com·

279 1146 452 1226 parandum
473 1146 653 1224 Xenophon
675 1145 758 1223 Eph.
781 1145 795 1202 1
819 1151 845 1216 8,
869 1151 895 1204 1.

364 1249 430 1307 1616
450 1249 560 1308 iterum
582 1255 722 1324 aegrotat
740 1244 895 1324 Cydippe,
919 1245 1029 1304 iterum
1050 1245 1178 1322 nuptiae
1201 1243 1392 1304 differuntur.

281 1349 454 1429 eademque
475 1350 599 1408 tertium
623 1349 714 1407 etiam
736 1347 850 1424 virgini
872 1345 1029 1420 accidunt,
1061 1353 1245 1425 recuperata
1267 1347 1393 1419 sanitas,
1415 1343 1417 1346 ’

280 1453 407 1531 nuptiae
422 1451 591 1524 institutae,
608 1450 712 1509 fatalis
726 1448 859 1508 morbus.
882 1449 926 1507 ita
940 1446 1032 1507 rebus
1045 1446 1232 1507 habentibus
1243 1446 1394 1506 Acontius

279 1555 367 1612 venit
381 1552 531 1612 Athenas.
569 1553 721 1629 virginem
736 1551 769 1608 in
784 1552 868 1609 vitae
890 1549 1053 1609 discrimen
1069 1548 1232 1609 adductam
1253 1568 1394 1628 quaeque
1425 1605 1429 1612 .

280 1661 373 1713 antea
395 1662 498 1714 essent
520 1652 672 1712 mirabilia
693 1653 776 1712 facta
797 1653 900 1711 statim
923 1651 1019 1710 fando
1041 1645 1200 1730 accipie),
1224 1658 1395 1729 pervagata

279 1755 325 1814 rei
347 1755 438 1813 fama.
483 1773 635 1834 apparere
657 1755 738 1812 enim
754 1752 933 1832 parentibus
957 1752 995 1812 ab
1012 1754 1119 1832 eisque
1138 1772 1286 1832 praesens
1301 1752 1395 1810 filiam

279 1857 312 1914 in
342 1858 567 1916 matrimonium
595 1863 703 1934 petere
732 1853 947 1914 verecundans
959 1849 985 1933 ²)
1016 1854 1092 1914 clam
1114 1855 1294 1926 sciscitatur,
1319 1851 1393 1933 quid

281 1966 353 2035 agat
376 1959 439 2017 illa.
485 1956 615 2017 Ovidius
639 1978 688 2036 ep.
711 1957 777 2017 XX
797 1947 850 2018 v129
871 1976 942 2036 sqq.

431 2093 466 2134 ne
489 2084 581 2134 tomen
603 2079 740 2150 iquorem,
763 2079 933 2150 6611161966,
956 2078 995 2132 ed
1015 2078 1108 2133 limina
1131 2077 1228 2133 crebro

482 2182 587 2235 anulus
608 2179 663 2235 lma
685 2180 748 2234 illue
770 2180 976 2234 dissimulanter
998 2193 1038 2234 eo.

429 2281 579 2352 subsequor
601 2281 730 2338 ancillam
749 2279 852 2352 furtim
871 2279 1041 2352 famulumve
1062 2283 1222 2354 requirens,

478 2381 644 2456 profuerint
665 2383 754 2439 somni
773 2383 840 2454 quid
859 2381 905 2436 tibi
924 2381 1021 2454 quidve
1042 2382 1101 2438 eibi.

281 2535 319 2576 ea
345 2517 467 2574 ratione
493 2523 620 2594 totoque
648 2515 737 2574 simul
764 2513 871 2574 habitu
899 2523 1050 2575 tumorem
1080 2516 1174 2574 animi
1204 2523 1297 2595 atque
1317 2516 1394 2574 inci-

279 2618 428 2678 tationem
444 2616 515 2676 dum
531 2617 645 2676 invitus
661 2616 764 2696 prodit
786 2617 898 2676 factum
921 2616 1051 2691 videtur,
1074 2625 1108 2676 ut
1123 2618 1340 2678 nonnullorum
1361 2617 1394 2676 in

280 2739 314 2780 ee
335 2727 472 2779 verteret
495 2719 597 2779 oculos
621 2728 651 2778 et
673 2720 870 2800 suspitiones.
906 2739 955 2800 ep.
978 2719 1062 2778 XXI
1083 2730 1116 2782 51
1139 2739 1186 2800 sq.

430 2872 499 2914 nere
519 2857 589 2913 nihil
609 2857 710 2913 credas
730 2859 760 2912 in
781 2862 806 2912 te
827 2872 935 2930 qnoque
956 2858 1049 2913 dicere
1068 2857 1192 2930 famam,

370 2993 372 2997 ι
480 2958 560 3031 fecta
582 2961 720 3032 veneficiis
735 2964 810 3030 pers
827 2964 914 3032 putat
933 2961 989 3014 ista
1011 2961 1075 3014 turs.

280 3113 315 3152 ac
337 3099 440 3172 potest
463 3093 555 3151 etiam
577 3091 661 3170 apud
677 3090 898 3151 Callimachum
919 3094 980 3152 iam
994 3111 1092 3152 sermo
1116 3093 1213 3152 fuisse
1236 3092 1275 3152 de
1291 3094 1394 3174 aliquo

278 3195 393 3255 Aconti
424 3193 652 3274 Oydippaeque
684 3193 863 3254 commercio
897 3213 954 3272 per
985 3195 1136 3253 nutricem
1169 3195 1269 3270 facto,
1310 3195 1393 3276 quod

279 3295 428 3357 Acontius
451 3297 628 3356 instituerit.
674 3315 730 3354 eae
754 3297 836 3355 enim
851 3295 1069 3354 nutricularum
1084 3295 1117 3354 in
1140 3296 1252 3357 fabulis
1270 3299 1394 3356 eroticis

280 3397 381 3458 solent
404 3417 472 3456 esse
488 3406 602 3477 partes,
625 3405 658 3456 ut
681 3397 847 3456 amantium
870 3397 1094 3458 conciliatrices
1117 3399 1187 3472 sint,
1211 3397 1244 3458 id
1269 3399 1353 3479 quod
1377 3419 1394 3458 e

421 3586 474 3647 Ἐν
492 3589 559 3647 ποκ’
577 3586 636 3662 ἄρα
653 3587 774 3662 Σπάρτα
792 3588 961 3664 ξανθότριχι
979 3591 1036 3662 πάρ
1054 3591 1195 3666 Μενελάῳ

432 3677 611 3746 παρθενικαὶ
629 3673 777 3732 θάλλοντα
794 3677 898 3749 κόμαις
915 3673 1063 3734 άάνινθον
1083 3677 1191 3750 ἔχοισαι

432 3759 543 3832 πρόσθε
562 3763 728 3833 νεογράπτα
746 3760 869 3833 θαλάμω
887 3760 972 3833 χορὸν
991 3761 1153 3822 ἐσπάσαντο.

279 3869 437 3920 Meinekius
460 3871 574 3936 scripsit
596 3865 744 3935 νεοθμάτω
766 3861 905 3936 θαλάμω,
929 3870 1087 3934 Koechlyus
1112 3870 1307 3922 akadernische
1326 3872 1394 3921 Vor-

279 3959 377 4020 traege
400 3954 456 4003 und
479 3955 575 4005 Reden
592 3956 606 4005 I
624 3972 650 4021 p.
668 3955 718 4006 408
741 3955 876 4021 praetulit
902 3946 1058 4021 νεοκμάτω.
1094 3971 1184 4006 nonne
1208 3956 1394 4022 reponendum

280 4031 465 4105 reoppolreeco?

348 4121 371 4188 ¹)
389 4125 472 4174 Errat
490 4124 562 4174 6111111
578 4123 762 4174 Battmannua
779 4123 798 4174 l.
818 4140 845 4174 6.
861 4141 887 4190 p.
906 4125 964 4174 118.

348 4209 369 4274 ²)
393 4209 444 4260 Ov.
470 4226 512 4274 ep.
531 4209 582 4257 XX
600 4210 632 4258 73
645 4223 702 4272 sqq.
726 4212 807 4274 rogat
828 4207 962 4259 Acontius
984 4213 1015 4259 ut
1037 4210 1199 4260 admittatur
1222 4209 1266 4260 vcl
1290 4209 1329 4273 (v.
1349 4209 1394 4274 79)

281 4295 430 4346 advocetur
454 4294 489 4344 ad
513 4293 680 4359 Cydippam,
710 4293 755 4342 cui
778 4293 916 4344 rhetorico
939 4293 1056 4344 artificio
1085 4310 1193 4345 servum
1207 4287 1280 4345 ¹sese
1304 4293 1394 4344 offert.

280 4380 427 4445 respondet
444 4379 494 4429 illa
511 4379 577 4428 XXI
594 4379 657 4430 213:
676 4379 738 4444 quid
753 4385 836 4429 tamen
852 4379 900 4430 lruc
917 4380 1021 4430 uenias?
1040 4395 1064 4429 e.
1084 4395 1109 4446 q.
1129 4394 1151 4432 e.
