3284 5158
669 401 902 466 -109-

229 575 388 636 Nicander
418 575 598 636 Callimachi
630 576 764 636 imitator
791 566 868 636 illud
897 576 984 655 quasi
1017 571 1158 654 τηλανγὲς
1186 569 1346 654 πρόσωπον

230 679 355 738 nativae
384 677 507 737 fabulae
535 678 722 756 praefixerit.
734 673 758 755 ¹)
803 697 937 758 namque
965 685 1062 738 totum
1084 680 1166 758 pomi
1188 680 1346 740 artificium

230 781 274 838 ita
304 787 351 839 est
373 779 556 839 translatum
578 799 596 839 e
620 778 800 839 Callimachi
823 779 969 860 Cydippe
990 788 1110 840 tantum
1131 801 1165 841 re
1188 781 1228 842 ad
1252 781 1346 842 Oeam

230 879 392 960 adaptata,
422 890 455 940 ut
482 880 535 940 vel
563 881 685 958 singula
712 901 925 960 recognoscas.
970 901 1073 962 neque
1103 882 1181 961 fugit
1209 902 1246 942 ea
1274 903 1345 942 oon·

230 982 357 1061 spiratio
380 982 581 1056 Antoninum,
606 983 690 1062 quod
710 983 788 1042 haec
812 983 925 1043 docent
948 984 1018 1043 eius·
1034 983 1145 1044 verba:
1173 968 1192 1059 ἡ
1215 978 1269 1060 μὲν
1291 967 1346 1042 οὖν
1451 973 1454 980 ’

230 1076 387 1156 Κτήσνλλα
409 1071 558 1161 ἀπέρριψε
586 1073 618 1140 τὸ
644 1082 742 1158 μῆλον
769 1081 940 1142 αἰδεσθεῖσα
969 1079 1021 1142 aul
1050 1083 1183 1161 χαλεπῶς
1209 1075 1345 1164 ἤνεγκεν,

231 1173 328 1262 ὥσπερ
350 1175 397 1242 ὅτε
419 1183 582 1260 Κυδίππην
600 1171 754 1255 Ἀκόννιος
781 1177 971 1261 ἐξηπάτησεν.
1014 1187 1236 1266 paraphrastes
1265 1189 1346 1247 enim

233 1285 340 1346 deberi
362 1284 515 1346 adiectam
530 1286 695 1368 Cydippae
710 1288 900 1347 mentionem
921 1295 1005 1347 recte
1020 1287 1143 1348 videtur
1165 1288 1347 1349 observasse

230 1387 465 1448 Broenstedtius
494 1388 612 1447 Reisen
640 1389 657 1446 Ι
684 1408 715 1467 p.
739 1397 773 1450 52
802 1409 833 1448 n.
856 1397 882 1452 6.
924 1408 983 1448 nec
1010 1409 1085 1448 vero
1115 1389 1300 1448 abhorrebat
1328 1409 1347 1448 a

176 1489 178 1492 ’
231 1488 358 1553 Graecis
381 1490 498 1568 poetis,
521 1497 555 1548 ut
576 1490 677 1549 alieno
693 1489 776 1549 bono
792 1510 878 1553 suam
894 1489 1077 1560 decorarent
1093 1510 1227 1570 operam.
1262 1474 1347 1551 velut

228 1591 322 1650 moris
346 1589 480 1670 quodam
501 1590 592 1651 modo
617 1573 683 1650 erat
697 1591 912 1652 Alexandrina
935 1599 1052 1665 aetate,
1075 1601 1109 1650 ut
1131 1593 1257 1651 aliorum
1278 1613 1346 1652 ver·

229 1712 279 1751 sus
301 1700 463 1772 poetarum
485 1692 659 1753 domesticis
674 1694 893 1754 vinsererentur
914 1693 1036 1771 integri,
1059 1694 1112 1752 vel
1134 1713 1193 1773 quo
1217 1692 1346 1753 admira·

228 1795 271 1852 tio
294 1793 482 1854 indicaretur
504 1795 685 1874 antiquioris
709 1796 861 1869 carminis,
884 1794 935 1853 vel
958 1814 1018 1875 quo
1040 1803 1128 1872 grata
1144 1795 1271 1855 alicuius
1286 1796 1347 1855 loci

229 1895 413 1954 excitaretur
434 1891 622 1974 memoria.²)

296 2147 319 2212 1)
336 2149 406 2198 Nam
418 2148 574 2199 Antoninus
586 2149 725 2200 Liberalis
738 2151 894 2215 suspectari
911 2165 966 2200 non
984 2154 1075 2216 potest
1092 2151 1148 2200 nisi
1166 2165 1227 2200 cum
1245 2163 1346 2214 magna

229 2233 387 2298 iniquitate.
424 2233 471 2298 qui
488 2232 601 2282 multum
621 2234 701 2288 abest
718 2238 749 2283 ut
767 2234 889 2285 eiusdem
907 2236 944 2285 sit
961 2235 1073 2284 farinae
1088 2235 1168 2286 homo
1187 2237 1269 2298 atque
1287 2233 1347 2283 Ari-

228 2322 379 2368 staenetus.
416 2322 538 2368 ceterum
556 2317 608 2368 hoc
628 2333 734 2384 quoque
752 2320 872 2384 pessime
891 2319 1091 2370 administrarit
1108 2319 1256 2377 Nicander,
1276 2318 1347 2382 quod
1410 2311 1414 2319 ⁴

229 2401 263 2452 de
277 2400 400 2465 Ctesylla
412 2401 626 2469 Hermocharem
640 2403 828 2468 conspiciente
841 2409 948 2454 narrat:
967 2401 1017 2455 καὶ
1028 2393 1046 2468 ἡ
1059 2405 1129 2462 παῖς
1142 2393 1230 2454 αὐτὸν
1243 2397 1346 2453 ἰδοῦσα

224 2481 306 2536 ,κατὰ
330 2485 416 2538 θεῖον
439 2477 566 2552 ἠράσθη.
603 2502 663 2536 cum
683 2487 755 2538 enirn
776 2489 855 2553 virgo
875 2491 958 2538 antea
976 2487 1158 2539 Hermochari
1177 2487 1346 2552 aliquamdiu

229 2571 368 2636 desponsa
387 2570 483 2633 fuerit,
502 2570 580 2619 illum
598 2571 654 2620 iam
673 2571 736 2621 olim
756 2573 781 2621 ei
800 2573 927 2622 crederes
945 2573 1042 2633 visum.

294 2655 318 2720 ²)
342 2656 388 2706 Sic
405 2655 568 2720 Apollonius
592 2657 710 2720 quinque
732 2656 841 2707 Eumeli
863 2670 958 2706 versus
983 2657 1126 2706 continuos
1149 2657 1345 2722 Argonauticis

231 2741 290 2790 suis
321 2740 452 2804 intexuit,
487 2745 606 2792 testante
640 2740 793 2791 scholiasta
825 2740 859 2790 ad
892 2741 935 2790 III
963 2743 1036 2792 1372.
1079 2741 1152 2790 idem
1180 2740 1346 2791 Callimachi

230 2839 313 2874 unum
336 2824 450 2890 repetiit
472 2841 581 2876 versum
604 2822 654 2890 (cf.
673 2824 758 2876 schol.
776 2826 789 2874 1
809 2825 901 2888 1309),
924 2823 1018 2889 plures
1036 2824 1285 2875 Callimacheorum
1304 2825 1344 2874 cf-

229 2909 308 2960 finrit
331 2908 493 2960 simillimos.
529 2910 723 2960 Eratosthenis
747 2909 897 2974 fragmenti
920 2908 991 2973 quod
1015 2913 1056 2958 est
1080 2910 1152 2975 apud
1168 2909 1267 2959 Athen.
1292 2907 1345 2960 VII

229 3011 254 3059 p.
274 2995 353 3044 asta
370 2996 430 3045 v.3
458 2995 517 3045 fere
541 2995 613 3044 idem
637 3000 680 3045 est
704 2999 786 3059 atque
811 2992 994 3044 Callimaohei
1011 2995 1043 3044 37
1061 3011 1088 3044 v.
1108 2997 1131 3043 1.
1166 2995 1345 3059 suspitionem
1442 3036 1444 3039 .

231 3079 302 3128 enim
325 3079 498 3144 Bernhardyi
527 3094 587 3130 eam
615 3080 704 3145 ipsam
728 3079 762 3129 ob
786 3078 992 3130 similitudinem
1016 3078 1049 3128 de
1073 3077 1238 3128 Callimachi
1264 3094 1346 3129 versu

229 3168 330 3214 motam
354 3162 510 3226 (Eratosth.
534 3179 560 3228 p.
579 3163 644 3228 139)
669 3179 683 3214 e
707 3163 855 3229 disputatis
879 3163 971 3214 elucet
994 3163 1105 3213 inanem
1128 3177 1197 3213 esse.
1232 3163 1344 3214 Nonnns

230 3247 309 3310 (XIII
329 3247 388 3310 186)
406 3263 489 3297 unum
506 3247 690 3313 Euphorionis
708 3249 815 3314 recepit
833 3262 939 3298 versum
965 3248 1029 3312 (frg.
1048 3248 1079 3296 81
1097 3246 1217 3296 Meinek.
1237 3247 1345 3312 anull),

231 3332 347 3383 alterum
366 3331 401 3396 (V
418 3332 478 3396 278)
497 3332 625 3398 Apolloni
643 3331 763 3397 (11527),
781 3333 835 3383 nisi
854 3332 924 3397 quod
941 3347 989 3396 pro
1008 3323 1208 3397 ἐπιψύχουσιν,
1227 3333 1298 3396 quod
1316 3334 1345 3381 in

230 3417 331 3467 nostris
347 3417 554 3482 Argonauticon
576 3417 656 3468 libris
675 3421 731 3481 est,
755 3418 847 3483 posuit
865 3407 1076 3481 α’ναψύχονσιν.
1113 3431 1146 3465 ac
1169 3405 1280 3466 secutus
1304 3423 1346 3466 est

230 3501 434 3568 Alexandrinos
446 3502 500 3552 hac
513 3503 541 3551 in
554 3518 584 3551 re
596 3501 737 3568 Vergilius
756 3518 875 3568 quoque,
896 3517 976 3566 quem
994 3516 1075 3550 unum
1093 3501 1218 3550 novimus
1236 3516 1346 3551 versum

232 3585 375 3636 eGraecis
393 3587 527 3637 Partheni
546 3587 736 3652 praeceptoris
755 3586 933 3646 transtulisse
953 3585 1001 3650 (cf.
1020 3585 1144 3636 Meineki
1163 3586 1246 3636 anull.
1266 3586 1343 3637 Alex.

230 3687 255 3736 p.
275 3670 402 3734 285sq.),
428 3671 543 3721 alterum
567 3687 581 3722 e
605 3672 737 3721 Varronis
758 3671 870 3720 Atacini
894 3670 1061 3722 carminibus
1088 3671 1139 3733 (cf.
1158 3670 1345 3722 Wuellnerum

230 3755 265 3806 de
283 3757 361 3808 Varr.
380 3755 460 3806 Atac.
478 3773 505 3821 p.
523 3757 557 3807 34
569 3755 636 3822 sq.),
660 3755 771 3806 tertium
790 3755 894 3805 Catulli
918 3755 965 3819 (cf.
984 3755 1060 3806 Serv.
1080 3755 1115 3803 ad
1132 3756 1214 3820 Verg.
1226 3755 1302 3817 Aen.
1320 3755 1345 3805 V

231 3840 301 3903 691).
336 3840 408 3890 idem
425 3841 494 3890 Furi
511 3841 631 3890 Antiatis
648 3841 728 3906 plura
746 3839 876 3906 diligenti
897 3839 1053 3888 imitatione
1077 3840 1215 3904 expressit
1233 3843 1344 3890 auctore

230 3925 373 3975 Macrobio
392 3929 445 3974 sat.
464 3925 502 3974 VI
520 3926 540 3974 1,
553 3923 601 3988 (cf.
619 3925 809 3976 Weichertum
827 3929 912 3990 poett.
931 3922 979 3973 lat
992 3923 1056 3973 min.
1070 3940 1095 3988 p.
1109 3924 1159 3974 350
1171 3922 1251 3990 squ).
1279 3923 1346 3975 Ovi-

230 4009 291 4060 dius
313 4010 387 4060 Enni
409 4024 518 4060 versum
539 4024 621 4059 nnum
645 4009 752 4073 (annal.
771 4010 825 4075 frg.
842 4010 875 4059 47
893 4007 985 4068 Vahl.)
1007 4007 1081 4057 binis
1098 4007 1168 4058 loeis
1187 4005 1263 4074 (met.
1280 4009 1346 4060 XIV

230 4095 280 4144 814
299 4098 328 4144 et
345 4095 410 4145 fast.
429 4095 457 4144 11
473 4091 548 4156 487),
567 4094 649 4144 Porci
667 4094 797 4144 Latronis
815 4093 938 4158 singulas
956 4093 1111 4144 sententias
1129 4109 1213 4160 saepe
1231 4109 1345 4160 usurpa·

231 4179 272 4230 vit
290 4178 338 4242 (cf.
358 4179 422 4230 Seu.
442 4184 563 4230 controv.
582 4180 610 4229 II
629 4181 661 4230 10
679 4195 707 4245 p.
727 4180 776 4230 136
793 4177 898 4242 Burs),
923 4177 1058 4243 Ovidique
1082 4193 1190 4228 versum
1209 4179 1344 4243 quendam
1426 4167 1429 4170 ¹

232 4261 301 4326 (aa.
315 4265 342 4313 lI
355 4262 417 4329 300)
430 4264 539 4314 Seneca
550 4264 673 4328 repetiit.
693 4280 726 4314 ac
740 4263 867 4314 similiter
879 4278 923 4312 res
932 4263 1062 4314 habuerit
1071 4263 1104 4313 de
1116 4262 1164 4312 illo
1174 4261 1344 4312 versuOvidi

230 4349 301 4400 trist.
312 4349 351 4398 IV
365 4351 404 4412 10,
417 4350 441 4410 6,
462 4364 542 4413 quem
560 4349 645 4398 habet
661 4351 744 4399 etiam
755 4349 913 4414 Lygdamus
931 4347 1041 4410 (Tibull.
1055 4347 1108 4412 ΙΙΙ)
1124 4347 1201 4405 5,18.
1220 4347 1256 4398 cf.
1267 4347 1343 4397 Haa-
