3284 5158
745 429 975 495 -106-

307 605 436 686 abipso
465 606 648 680 institutam,
682 626 761 686 quac
789 606 901 685 puellis
924 605 1089 668 interdicta
1117 614 1192 666 erat.
1237 606 1270 665 id
1299 626 1421 666 carmen

304 708 337 768 hi
359 728 465 769 versus
488 708 690 768 concludunt:

457 847 544 912 hunc,
566 847 694 919 quoniam
716 844 843 902 manibus
861 849 1016 917 perpetum
1037 852 1179 902 sanxerat
1200 846 1307 916 orbem,

508 950 548 1003 sic
568 953 699 1003 sanctum
723 947 821 1002 Tatiae
843 962 1015 1019 conposuere
1037 931 1132 1004 Cures.

458 1056 553 1105 sancte
571 1054 659 1122 puter
680 1050 768 1120 satae,
792 1051 838 1105 cai
857 1051 912 1104 iem
931 1048 1014 1121 secet
1036 1064 1139 1121 aspere
1162 1049 1248 1119 Iano,

509 1156 620 1219 sancte,
643 1153 708 1207 celis
729 1151 798 1207 libro
820 1153 923 1207 dexter
945 1153 1033 1206 inesse
1054 1145 1155 1226 meo.¹)

307 1285 368 1343 iam
391 1305 457 1344 cum
480 1292 614 1344 extremo
639 1283 768 1342 disticho
792 1284 830 1344 cf.
855 1283 1035 1343 Callimachi
1057 1284 1115 1362 frg.
1141 1294 1211 1369 1202·

459 1423 541 1496 χαῖρε
562 1416 775 1496 βαρυσκίπων,
798 1414 938 1477 intractu
960 1414 1016 1494 μὲν
1038 1411 1121 1491 lidae
1144 1411 1220 1495 daed,

510 1515 543 1578 ἔκ
566 1510 592 1576 δ’
619 1510 810 1598 αὐταγρεσίης
832 1516 959 1579 πολλάκι
981 1511 1075 1578 πολλοὶ
1098 1514 1240 1601 aapdv.²)

308 1657 400 1716 facile
423 1657 584 1731 concedes,
607 1657 654 1716 hie
679 1677 801 1737 quoque
823 1656 963 1717 versibus
986 1657 1119 1737 aliquam
1143 1658 1182 1718 de
1197 1659 1332 1719 Hercule
1355 1679 1423 1718 nar·

307 1760 459 1817 rationem
480 1761 675 1818 terminatam
697 1759 807 1832 fuisse,
838 1759 899 1818 nisi
927 1758 1011 1839 quod
1037 1780 1132 1819 unum
1154 1760 1246 1820 credo
1271 1759 1423 1820 distichon

308 1868 445 1920 secutum
478 1879 560 1934 esse,
596 1861 678 1941 quod
708 1860 745 1920 ab
775 1862 907 1940 repetito
941 1864 1023 1938 χαῖρε
1050 1861 1203 1941 incipiens
1232 1863 1361 1922 similem
1389 1882 1425 1921 ac

307 1962 505 2041 Propertiani
531 1981 638 2023 versus
667 1964 877 2042 precationem
905 1959 1139 2038 continuerit.³)
1186 1971 1216 2022 et
1256 1963 1424 2022 rectissime

308 2063 423 2122 iudicat
449 2064 587 2123 Naekius
610 2066 687 2124 Hec.
715 2085 746 2144 p.
769 2072 835 2128 273:
862 2065 988 2138 fortusse
1014 2069 1055 2122 ita
1083 2067 1298 2123 concludebatur
1319 2061 1425 2122 Αἴτιον

308 2167 427 2238 aliquod.
462 2165 500 2223 cf.
522 2163 560 2224 Ο.
583 2165 766 2226 Schneideri
793 2165 933 2245 prolegg.
957 2166 989 2224 in
1012 2174 1072 2226 aet.
1096 2189 1126 2246 p.
1150 2174 1195 2241 14,
1223 2166 1342 2226 Rauchi
1364 2175 1424 2239 aet.

309 2265 347 2324 fr.
361 2271 404 2328 92.
435 2264 554 2324 accedit
570 2267 653 2346 quod
671 2267 826 2347 Cydippe,
850 2267 883 2326 ni
904 2268 1059 2346 integrum
1074 2269 1183 2328 fuisset
1205 2273 1337 2342 carmen,
1361 2289 1425 2328 non

308 2367 406 2425 itaut
427 2365 559 2426 vidimus
575 2367 613 2427 ab
631 2367 745 2428 Ovidio
763 2368 855 2428 Iliadi
879 2370 996 2448 opponi
1018 2370 1179 2448 potuisset.
1212 2389 1310 2450 eoque
1333 2371 1426 2448 igitur

272 2535 274 2540 ¹
309 2469 375 2527 iure
398 2467 437 2528 de
461 2468 627 2548 Cydippae
651 2469 752 2548 elegia
773 2478 807 2530 ut
830 2469 869 2529 de
892 2471 1039 2550 peculiari
1061 2480 1205 2551 poemate
1227 2473 1313 2552 loqui
1336 2470 1425 2531 nobis

309 2569 432 2630 licebat.
507 2589 508 2594 ¹
1479 2562 1482 2567 ’

396 2670 459 2730 Sed
475 2671 558 2751 quod
573 2693 700 2748 sacrum,
724 2675 776 2754 qui
793 2673 869 2748 dies,
894 2675 1017 2734 cuiusve
1033 2675 1094 2735 loci
1109 2660 1243 2754 priscum
1256 2695 1426 2753 cognomen

311 2773 430 2852 elegiae
460 2775 499 2834 de
526 2775 639 2836 Aconti
667 2784 698 2836 et
721 2775 886 2856 Cydippae
915 2775 1067 2836 amoribus
1096 2777 1180 2856 apud
1209 2776 1426 2837 Callimachum

309 2876 367 2935 fuit
402 2877 471 2935 finis
509 2884 539 2935 et
577 2879 663 2956 quasi
700 2877 877 2956 fastigium?
918 2878 1080 2938 videamus
1123 2879 1199 2958 quid
1235 2876 1427 2959 respondeat

310 2978 572 3037 Buttmaunue.
930 3046 931 3049 Ἴ

394 3080 426 3138 Is
450 3078 568 3138 adscita
594 3081 725 3140 maxime
749 3079 952 3161 Ctesyllae
981 3080 1101 3156 fabula,
1137 3101 1228 3162 quam
1249 3083 1426 3142 Antoninus

309 3179 461 3240 Liberalis
485 3190 497 3241 l
522 3181 672 3240 Nicandri
711 3201 845 3262 sequens
890 3183 1195 3243 transformationum
1232 3182 1341 3243 librum
1376 3185 1427 3243 III

309 3282 413 3355 refert,
439 3301 505 3341 cam
528 3285 740 3363 quaestionem
757 3283 985 3363 expediendam
1000 3285 1136 3365 suscipit.
1169 3294 1329 3366 utramque
1346 3286 1427 3344 enim

309 3383 482 3458 historiam,
519 3391 549 3442 et
580 3383 818 3444 Callimacheam
847 3395 878 3444 et
903 3385 1125 3462 Nicandream,
1164 3407 1291 3467 quarum
1320 3395 1428 3466 aperta

310 3483 475 3544 similitudo
505 3485 558 3558 sit,
591 3485 632 3545 ad
661 3485 793 3546 eandem
821 3485 923 3547 redire
946 3487 1131 3565 primitivam
1153 3487 1303 3563 fabulam,
1331 3489 1428 3548 veluti

378 3752 399 3818 1)
417 3753 587 3820 Transposui
604 3752 656 3804 duo
673 3754 745 3806 haec
758 3754 886 3806 disticha.
917 3771 981 3806 nam
999 3761 1064 3808 ento
1083 3773 1163 3822 quam
1180 3760 1276 3828 sancte
1284 3765 1362 3822 pater
1380 3773 1427 3822 ap-

311 3839 462 3906 pellaretur
479 3839 615 3890 Hercules
638 3839 742 3891 dictum
761 3841 903 3904 convenit,
929 3856 989 3891 oum
1008 3846 1133 3892 sanctum
1152 3857 1212 3892 esse
1232 3843 1349 3904 factum,
1373 3858 1428 3893 non

310 3927 417 3990 postea.
443 3939 494 3974 nec
513 3925 568 3975 nisi
585 3925 693 4003 inipso
713 3926 787 3975 exitu
806 3925 834 3976 id
852 3926 923 3991 quod
940 3927 1078 3991 posterius
1093 3927 1172 3993 posui
1184 3926 1320 3978 distichon
1334 3932 1428 3992 aptum

309 4009 399 4059 locum
417 4008 513 4058 habet.

378 4109 399 4174 ²)
418 4109 497 4160 Prior
514 4123 609 4160 versus
627 4110 727 4161 Ovidio
746 4111 855 4161 videtur
873 4111 1035 4163 obversatus
1055 4126 1115 4162 esse
1134 4118 1199 4163 met.
1218 4113 1268 4163 XV
1286 4116 1331 4164 39:
1356 4116 1430 4164 occi

311 4198 351 4246 ius
373 4196 438 4246 caeti
459 4195 507 4246 dis
528 4211 586 4244 seec
606 4195 695 4257 fecere
717 4196 828 4247 labores.
863 4196 950 4246 Nonn.
970 4197 1055 4246 Dion.
1073 4197 1174 4248 XXXV
1192 4199 1255 4249 335:
1280 4192 1428 4263 Ἡρακλῆα

312 4271 542 4330 ὃνωδεκοὶεθλον.

379 4379 399 4444 ⁸)
418 4383 474 4432 Eas
493 4380 684 4433 conclusiones
704 4381 738 4432 ab
758 4381 869 4433 heroico
888 4397 990 4448 genere
1008 4383 1127 4434 mutuati
1144 4387 1216 4434 sunt.
1254 4391 1257 4399 ·
