3254 5158
714 475 920 538 ,69-

448 650 541 720 (adstat
564 655 592 704 et
612 666 749 720 praesens
769 655 801 706 ut
823 657 888 706 errat
911 656 960 707 tue
983 654 1066 708 verto
1088 659 1196 713 notavit

490 754 518 805 et
540 753 626 806 visast
647 757 723 806 mota
746 753 818 807 dieto
842 755 938 809 tulisse
960 771 1048 811 coma.

253 883 292 940 cf.
308 883 374 941 XX
390 889 422 945 97
438 903 486 963 sq.
510 883 593 963 quod
616 884 791 963 prodigium
815 884 888 944 vide
910 887 984 946 mihi
1007 909 1099 968 quam
1121 891 1161 948 sit
1185 911 1223 949 ex
1245 892 1372 970 ingenio

252 1004 288 1042 ac
309 1003 394 1042 more
412 983 594 1044 Callimachi
617 997 809 1065 usurpatum,
833 996 866 1046 ut
889 1007 928 1047 ex
951 988 1079 1049 Graecis
1101 990 1179 1050 illud
1203 1011 1271 1050 esse
1295 995 1373 1072 peti·

251 1093 315 1144 tum
344 1087 396 1144 vel
426 1087 592 1170 clarissime
621 1092 737 1167 pateat.
783 1108 854 1146 nam
884 1088 1089 1150 Callimachus
1119 1092 1176 1170 frg.
1206 1101 1222 1155 6
1253 1104 1372 1154 narrat:

252 1177 431 1263 Κασάνδραν
458 1176 515 1265 γὰρ
542 1179 598 1261 τὴν
623 1179 763 1264 Πριάμου
789 1185 886 1247 ἱκέτιν
914 1175 1007 1248 οὖσαν
1026 1181 1160 1268 Ἀθηνᾶς
1188 1188 1220 1250 ἐν
1249 1195 1291 1275 τῷ
1320 1196 1374 1269 τῆς

251 1287 327 1357 θεας
354 1287 438 1368 σηκῷ
465 1279 649 1370 κατῄσχυνεν
679 1287 771 1369 (Αἴας
799 1279 814 1348 ὅ
843 1285 984 1369 Λοκρός),
1014 1283 1086 1351 ὥστε
1114 1283 1169 1369 τὴν
1198 1283 1276 1353 θεὰν
1304 1290 1373 1367 τούς

251 1377 428 1466 ὀφθαλμοῦς
450 1389 504 1448 τοῦ
526 1383 633 1461 ξοάνου
656 1389 695 1460 εἰς
717 1381 772 1466 τὴν
793 1381 909 1466 ὀροφὴν
931 1389 1048 1468 τρέψαι.
1080 1395 1121 1454 ad
1144 1397 1302 1456 consimile
1317 1399 1373 1458 mi·

252 1493 387 1551 raculum
401 1488 423 1569 ¹)
447 1491 657 1552 revocandum
681 1502 727 1552 est
749 1493 807 1572 frg.
832 1504 901 1557 132:

942 1618 1022 1699 ὅστις
1043 1617 1181 1709 ἆλιτροῦς

452 1717 592 1807 adpellere
615 1733 766 1809 καθαραῖς
788 1721 824 1788 οὐ
847 1723 970 1790 δύναται
994 1725 1123 1809 λογάσιν.

252 1889 284 1939 11
306 1881 380 1939 hinc
403 1881 701 1941 commendationem
722 1883 839 1942 habent
859 1861 943 1942 haud
960 1883 1116 1960 exiguam,
1141 1905 1220 1964 quae
1236 1887 1269 1943 in
1285 1887 1371 1945 scho-

253 1983 303 2042 liis
328 1983 427 2043 Ibidis
450 1985 622 2062 produntur
646 1985 737 2042 adv.
761 1991 811 2046 377
835 2005 866 2063 p.
890 1991 942 2045 166
963 1985 1178 2043 Merkelianae
1208 1984 1371 2046 editionis:

251 2087 356 2142 Lemnii
377 2105 395 2141 α
418 2087 644 2144 Lacedaemoniis
665 2091 693 2142 in
717 2088 1264 2162 1111171Μί1111111111111111111111.
1299 2092 1374 2162 quod

250 2203 285 2242 ne
306 2190 411 2244 videret
432 2190 501 2256 dee,
525 2190 619 2245 oculos
639 2206 703 2245 suos
725 2191 847 2244 retorsit.
889 2181 927 2244 ex
946 2207 999 2261 quo
1021 2192 1101 2245 etiem
1124 2207 1198 2248 111111
1219 2194 1247 2246 in
1270 2191 1372 2261 templo

251 2291 327 2344 cultu
349 2294 454 2345 retorto
477 2295 509 2344 ut
531 2291 598 2344 dicit
620 2290 813 2346 Callimachus.
865 2287 948 2346 idem
977 2309 1075 2366 genus
1104 2289 1247 2368 prodigia
1274 2290 1372 2349 habet

216 2370 218 2374 ’
250 2387 332 2447 bene
354 2389 450 2447 multa
478 2390 519 2461 is,
549 2409 640 2469 quem
663 2409 679 2448 e
705 2388 894 2448 Callimacho
925 2390 1057 2468 aliisque
1086 2390 1310 2449 Alexandrinis
1339 2391 1373 2448 in

249 2488 334 2547 hisce
362 2488 503 2568 pendere
533 2498 626 2549 antea
653 2491 804 2550 monitum
826 2498 887 2563 est,
920 2489 1096 2550 Ovidius.
1131 2492 1158 2549 is
1189 2491 1271 2550 enim
1299 2491 1371 2550 deo-

166 2618 170 2624 ·
250 2611 315 2649 111111
337 2600 453 2650 statuas
478 2591 616 2650 ominoso
638 2591 783 2652 miraculo
806 2611 876 2650 sese
891 2592 1025 2650 movisse
1041 2593 1186 2650 oculosve
1203 2592 1370 2651 detorsisse

251 2700 355 2750 narrat
377 2700 448 2751 met.
471 2693 518 2752 IV
539 2698 591 2753 799
613 2711 691 2771 sqq.²
714 2693 747 2750 X
769 2699 819 2754 695
843 2712 899 2770 sq„
924 2690 970 2751 Ib.
993 2699 1053 2763 378,
1078 2691 1148 2750 fast.
1171 2693 1206 2750 II
1228 2701 1260 2752 45
1283 2691 1365 2771 sq.²)

251 2793 290 2852 cf.
315 2793 405 2853 etiam
429 2792 544 2852 Charit.
568 2794 648 2867 112,
677 2801 784 2854 8111111
805 2792 939 2850 Dorvilli
966 2800 1041 2850 nota
1063 2811 1095 2870 p.
1114 2801 1167 2852 302
1190 2792 1241 2850 ed.
1263 2793 1369 2850 Reisk.

251 2915 287 2952 ac
309 2895 343 2953 II
364 2905 389 2967 5,
413 2903 439 2967 7,
464 2903 495 2954 et
517 2894 701 2954 Dorvillium
724 2893 816 2951 ad'h.
833 2893 853 2950 l.
869 2914 900 2972 p.
916 2902 977 2965 313,
1000 2891 1245 2952 ubi,afferuntur
1265 2901 1371 2951 tamen

251 2995 401 3054 nonnulla
422 2995 522 3055 minue
545 2997 604 3054 huc
627 2994 823 3075 quadrantia.
858 3037 860 3042 -

334 3098 400 3156 Iam
421 3117 492 3156 mox
513 3098 664 3156 Acontius
687 3095 798 3154 misero
823 3103 929 3174 eaptus
954 3094 1109 3154 desiderio
1133 3095 1292 3154 absentem
1309 3093 1370 3172 Cy·

251 3195 378 3277 dippum
400 3198 536 3277 deperit,
560 3197 660 3257 redux
681 3198 822 3256 nimirum
844 3197 943 3255 factus
966 3197 1000 3255 in
1022 3197 1169 3274 patriam,
1192 3195 1275 3275 quod
1291 3215 1370 3254 com-

250 3319 418 3360 memorare
440 3299 620 3379 imprudens
643 3300 745 3358 omisit
759 3299 908 3378 sophista.
939 3306 970 3355 at
993 3317 1065 3356 nee
1087 3297 1201 3356 maris
1224 3297 1240 3355 f
1244 3298 1369 3356 luctus

250 3421 320 3460 nec
344 3401 518 3462 desideri
542 3409 684 3460 aestum
706 3401 826 3459 facile
851 3399 1109 3483 enarraveris.
1128 3433 1167 3442 -
1190 3417 1281 3477 quem
1306 3397 1371 3477 qui·

251 3502 322 3562 dem
337 3523 461 3562 sensum
477 3510 582 3581 aptum
597 3501 763 3560 admodum
779 3510 872 3582 atque
889 3500 1065 3579 elegantem
1081 3499 1269 3560 Callimacho
1285 3499 1371 3558 attri-

251 3601 389 3677 buerimr
397 3604 561 3683 eidemque
573 3604 703 3661 inventa
716 3604 846 3662 fortasse
859 3597 1013 3681 exquisita
1026 3602 1219 3680 aposiopesis
1235 3597 1305 3670 τέως
1317 3587 1372 3657 οὖν

251 3693 302 3761 τὸν
324 3703 454 3763 δείλαιον
478 3738 526 3778 -,
559 3702 641 3783 quod
665 3704 823 3762 artificium
846 3723 910 3762 non
932 3705 1042 3760 mirum
1065 3710 1149 3761 esset
1170 3701 1288 3760 rhetori
1308 3709 1372 3759 tam

252 3806 453 3866 vehementer
468 3807 622 3887 placuisse
637 3814 671 3864 ut
686 3804 839 3882 integrum
853 3804 1048 3873 transferret.
1072 3810 1165 3881 atque
1182 3811 1266 3861 extat
1281 3802 1370 3861 huius

250 3906 402 3966 simillima
416 3908 450 3966 in
463 3906 536 3980 Ciri,
552 3905 761 3965 Alexandrini
776 3906 802 3964 si
813 3903 901 3984 'quod
917 3902 1003 3962 aliud
1018 3903 1129 3962 coloris
1145 3904 1290 3976 carmine,
1306 3911 1370 3964 136:

293 4165 296 4172 “
318 4155 338 4221 ¹)
357 4158 399 4208 Ad
418 4159 506 4224 ipsum
525 4158 577 4223 frg.
596 4160 611 4207 6
630 4142 762 4208 revocare
780 4155 870 4206 voluit
883 4155 915 4206 Ο.
929 4153 1114 4205 Schneiderus
1132 4154 1256 4220 prolegg.
1274 4153 1303 4201 in
1316 4154 1370 4203 aet.

251 4256 278 4305 p.
293 4243 334 4292 17.
364 4243 414 4292 sed
433 4258 486 4308 qua
504 4243 616 4292 tandem
635 4241 699 4307 lege
718 4241 752 4290 de
770 4240 883 4290 Diana
902 4239 996 4290 dicere
1014 4239 1082 4289 licet
1102 4231 1197 4304 [este]
1217 4225 1320 4293 dorse?

318 4325 339 4388 ²)
367 4325 516 4376 11111111
534 4331 599 4378 met.
618 4327 657 4376 IX
676 4326 725 4374 782
743 4337 816 4388 sqq„
833 4324 920 4389 Verg.
937 4338 1031 4388 georg.
1050 4323 1064 4372 I
1080 4323 1131 4372 480
1148 4336 1219 4384 sqq„
1244 4317 1370 4384 Apellen.

251 4407 338 4458 Rhod.
356 4408 395 4458 IV
414 4410 488 4464 1282.
