3284 5158
704 326 938 391 -136-

265 502 416 584 epistulae
438 502 522 562 XXI
543 520 636 562 versu
658 501 727 563 BL.
760 519 819 560 neo
843 500 924 559 enim
947 499 1071 560 dubium
1096 509 1156 576 111,
1187 501 1261 581 quin
1284 503 1381 581 primo

263 589 289 648 L
320 588 446 648 desierit
473 588 506 646 in
528 605 559 645 v.
583 595 616 646 la
639 605 688 664 ep.
711 585 806 659 XXI,
840 593 985 665 quattuor
1013 585 1154 645 versibus
1183 587 1215 645 in
1245 596 1381 648 extremo

264 672 338 732 folio
365 679 450 732 recto
480 670 617 750 scriptis,
655 670 729 729 dein
758 691 825 728 cum
859 669 958 729 codex
989 670 1113 750 quidam
1140 672 1293 748 integram
1320 671 1382 752 Oy·

265 756 381 836 (lippae
405 756 567 835 epistulam
596 756 760 814 continens
784 755 959 829 offerretur,
988 763 1124 815 extremo
1148 756 1221 814 folio
1245 755 1380 816 abscisso

263 843 418 921 novisque
440 841 574 919 alligatis
598 840 721 900 saeculo
744 839 849 899 forsan
871 839 934 900 XV
958 847 1091 899 exeunte
1116 859 1257 900 mancum
1280 861 1381 900 oxom-

263 927 333 1006 plar
353 927 393 986 sit
409 926 602 1004 completum.
634 934 664 985 at
688 943 755 984 cum
777 924 923 984 librorum
944 924 994 988 Pa
1009 925 1061 986 Ga
1075 945 1096 982 v
1118 926 1261 986 artiorem
1284 925 1382 985 affini·

262 1019 357 1070 tatem
381 1011 503 1069 evincat
526 1010 695 1070 commuuio
718 1009 861 1070 vitiorum
884 1028 963 1089 quae
985 1007 1104 1069 habeut
1124 1011 1157 1068 iu
1174 1008 1314 1070 versibus
1332 1030 1381 1090 ep.

262 1096 346 1156 XXI
360 1103 410 1170 34,
433 1105 483 1168 40,
507 1101 556 1168 45,
579 1103 628 1168 71,
650 1103 699 1168 80,
725 1103 788 1168 109,
815 1103 880 1167 123,
906 1102 969 1167 129,
996 1101 1058 1167 144,
1082 1113 1147 1154 111
1165 1093 1380 1168 dubitabimus,

264 1181 396 1260 quinia
417 1198 438 1237 v
459 1199 557 1259 usque
580 1178 619 1237 ad
634 1199 664 1238 v.
683 1175 733 1240 144
755 1177 855 1239 codex
877 1177 1003 1258 quidam
1026 1176 1064 1237 ab
1086 1179 1190 1239 mutilo
1213 1180 1381 1260 archetypo

264 1263 420 1324 derivatus
447 1263 595 1344 librisque
624 1266 681 1324 Ρ3
702 1263 760 1326 (13
788 1263 936 1341 gemellus
966 1263 1100 1323 adscitus
1129 1265 1179 1324 sit.
1224 1263 1381 1344 discrepat
1437 1285 1439 1287 ·

266 1369 379 1422 cumr,
403 1349 436 1408 11
460 1369 519 1429 quo
543 1348 753 1410 emendatoris
777 1348 950 1408 constantia
971 1349 1104 1426 vestigia
1127 1358 1295 1428 apparent,
1318 1358 1382 1410 tum

263 1435 395 1494 maxime
416 1434 453 1493 L.

346 1553 489 1614 Virorum
511 1551 669 1613 doctonrm
692 1553 882 1611 coniecturas
906 1551 1057 1631 adscripsi
1078 1551 1219 1612 selectas.

346 1688 493 1768 Denique
515 1686 743 1747 Plauudeae
771 1686 1032 1766 metaphrasis
1061 1686 1113 1745 vol
1136 1687 1286 1766 particula
1308 1709 1380 1747 num

262 1774 361 1832 lucem
389 1779 570 1845 mereretur,
599 1780 760 1850 postquam
788 1772 908 1850 perlegi
937 1771 1152 1851 apographum
1180 1771 1218 1831 ab
1242 1773 1381 1832 Holdero

263 1858 488 1917 accuratissime
510 1856 696 1930 confectum,
728 1854 906 1916 dubitabam
928 1857 1107 1936 paullisper.
1147 1876 1218 1916 nam
1241 1866 1380 1936 apparet,

262 1941 435 2001 Plauudem
463 1961 550 2001 usum
581 1961 649 2000 esse
676 1941 732 2000 vili
762 1941 895 2020 quodam
922 1941 1000 2000 libro
1031 1943 1097 2001 eius
1120 1942 1260 2020 generis,
1298 1943 1381 2002 cuius

263 2034 412 2086 sexcenta
434 2046 490 2085 111
514 2025 705 2104 possidemus
729 2022 934 2104 exemplaria,
959 2047 995 2084 ac
1017 2025 1133 2085 bonum
1154 2026 1310 2085 hominem
1329 2027 1382 2086 de·

262 2111 392 2171 sudasse
414 2111 447 2169 11
464 2110 580 2169 eisdem
596 2110 662 2169 fere
678 2111 827 2189 corruptis
844 2129 1001 2191 sensuque
1016 2110 1098 2170 haud
1114 2130 1182 2171 raro
1198 2111 1292 2174 cassis
1308 2131 1377 2171 ver-

263 2194 346 2256 sibus
363 2193 589 2273 exprimendis,
614 2195 666 2273 qui
681 2193 773 2253 hodie
788 2194 933 2272 leguntur
948 2197 981 2253 in
1002 2196 1199 2274 interpolatis
1221 2194 1318 2256 libris.
1350 2205 1381 2256 ct

264 2279 390 2359 quidem
418 2279 533 2338 affatim
562 2298 665 2337 crassa
685 2278 829 2338 Minerva
856 2298 919 2338 rem
946 2279 1125 2358 impeditam
1154 2279 1381 2341 administravit

263 2383 367 2444 neque
390 2364 529 2442 apprime
551 2363 664 2423 Latine
688 2363 810 2422 doctum
833 2383 902 2422 sese
918 2365 1087 2443 praestitit,
1112 2365 1383 2445 quandoquidem

262 2469 293 2508 v.
316 2467 341 2506 c.
373 2449 447 2508 satis
474 2447 581 2527 lepide
609 2451 758 2506 conciliare
788 2446 962 2525 (consiliare)
986 2449 1052 2508 XX
1074 2455 1109 2509 24
1135 2452 1229 2526 vortit
1256 2449 1383 2526 συμβου-

263 2524 360 2590 λεύειν
383 2553 418 2592 11
440 2533 636 2612 participium
659 2532 917 2594 11111111ΧΧ241
940 2533 1028 2604 aare.
1073 2554 1140 2592 cum
1167 2534 1264 2594 nihilo
1287 2537 1382 2594 setius

261 2618 321 2677 hoc
349 2637 438 2677 serae
467 2627 498 2678 at
519 2619 594 2678 satis
618 2617 719 2676 adhuc
740 2637 838 2696 purae
863 2617 1048 2678 Graecitatis
1070 2627 1309 2679 monmuentum
1322 2621 1382 2679 iam

264 2712 413 2782 exparte
437 2702 535 2776 edam,
558 2702 616 2762 hoc
638 2703 712 2762 nolo
736 2721 773 2760 ea
796 2721 829 2760 11
853 2721 1009 2776 excusare,
1034 2703 1118 2782 quod
1133 2703 1286 2782 integrum
1299 2705 1382 2763 Len

262 2789 373 2866 nepius
403 2796 469 2847 erat
492 2785 629 2846 editurus
661 2786 714 2866 (cf.
737 2787 882 2865 Lenuepi
904 2787 1003 2865 praef.
1026 2787 1144 2847 heroid.
1167 2809 1198 2868 p.
1222 2790 1287 2849 VII
1308 2786 1380 2868 sq.),

262 2881 314 2930 aut
347 2873 429 2952 quod
462 2872 522 2931 viri
557 2871 640 2932 docti
668 2879 733 2930 tota
762 2866 921 2930 volumina
949 2873 1126 2931 versionum
1153 2873 1383 2933 Plauudeamm

261 2957 346 3017 nullo
370 2956 466 3016 ferme
489 2956 661 3035 pastona:
682 2955 835 3014 utiliorum
858 2958 996 3016 certatim
1019 2956 1192 3016 ediderunt.
1223 2957 1279 3018 sed
1294 2959 1321 3016 si
1336 2959 1382 3017 nil

262 3041 348 3101 aliud
371 3051 454 3101 certe
476 3041 534 3101 hoo
558 3061 596 3100 ox
611 3041 676 3100 istis
693 3041 825 3120 pagellis
849 3039 984 3100 discatur
1006 3041 1044 3100 ab
1069 3043 1112 3100 eis
1136 3062 1265 3122 quorum
1287 3043 1381 3102 iuter-

263 3133 324 3200 est,
348 3126 541 3186 Plauudeam
562 3126 738 3186 versionem
756 3123 801 3206 ‘ad
818 3125 1027 3186 emendandas
1046 3127 1192 3205 epistulas
1210 3125 1380 3187 Ovidianas

261 3211 374 3270 nullius
398 3231 466 3270 esse
488 3231 574 3285 usus,
598 3223 632 3270 ut
654 3211 680 3270 si
703 3211 750 3270 cui
773 3210 852 3270 forte
864 3212 957 3270 totius
972 3209 1075 3270 editae
1090 3213 1242 3272 versionis
1259 3211 1380 3271 deside·

261 3295 338 3355 rium
360 3295 466 3368 fuerit,
490 3297 515 3354 is
538 3295 597 3355 hoo
619 3296 679 3354 iam
701 3295 871 3374 specimine
895 3303 1058 3356 contentus
1081 3297 1121 3355 sit
1143 3297 1271 3356 futurus,
1309 3315 1380 3356 con·

260 3380 375 3439 1111111
403 3389 505 3438 autem
531 3378 694 3438 Plauudea
728 3380 930 3457 metaphrasis
961 3380 1068 3440 codice
1097 3380 1150 3442 Gr.
1177 3379 1252 3442 bibl.
1281 3381 1379 3441 Paris.

259 3464 366 3542 imper.
390 3471 459 3526 2848
490 3463 571 3542 (3345
598 3463 681 3542 apud
703 3463 991 3543 Montefalconium)
1022 3465 1182 3527 chartaceo
1213 3485 1295 3526 saec.
1318 3465 1381 3527 XV
1429 3463 1437 3480 ‘

261 3548 417 3618 exeuntis,
440 3548 593 3610 11116111
615 3565 712 3627 usque
736 3545 776 3604 ad
792 3557 844 3610 340
856 3568 883 3608 a.
907 3550 1069 3628 praecedit
1090 3550 1380 3629 metamorphoseon

260 3632 462 3711 metaphrasis
492 3631 665 3712 abeodem
687 3631 829 3692 Planude
853 3635 1037 3715 conscripta.
1077 3635 1160 3715 quod
1189 3637 1223 3694 in
1251 3637 1380 3714 primum

261 3717 354 3776 editis
377 3716 553 3776 faciendum
575 3717 785 3798 praecipiunt,
809 3720 1021 3799 apographum
1044 3719 1117 3780 dedi
1138 3721 1293 3799 integrum
1315 3740 1380 3779 cor·

260 3803 352 3861 rectis
381 3822 444 3861 nou
472 3802 533 3861 nisi
561 3802 736 3862 accentibus
768 3812 798 3863 et
820 3805 1073 3885 interpunctione
1096 3805 1227 3885 aliisque
1257 3804 1380 3885 quibus·

261 3885 331 3945 dam
357 3885 476 3966 pusillis
507 3888 623 3947 erratis.
662 3888 852 3950 coniecturas
875 3909 959 3948 meas
990 3897 1020 3948 et
1043 3890 1193 3969 quasdam
1215 3891 1379 3949 amicorum

259 3974 293 4030 in
315 3972 419 4031 infima
440 3972 557 4052 pagiua
580 3971 737 4036 adnotavi.

668 4210 968 4220 —-————-..—-
