3284 5158
738 406 969 470 -110-

383 581 453 639 Hoc
473 580 565 656 igitur
588 579 691 638 fallaci
714 587 893 640 ornamento
916 581 977 638 iam
1000 579 1107 640 orbata
1130 579 1287 661 Otesyllae
1310 579 1415 641 fabula

301 701 359 762 quo
387 682 515 741 tandem
543 682 667 741 nomine
691 701 756 741 cum
781 681 987 743 Callimachea
1014 691 1118 762 potest
1140 683 1325 762 comparari,
1354 683 1415 741 nisi

300 785 381 844 forte
404 785 437 844 in
465 767 589 842 minutis
613 782 794 863 quibusdam
815 782 921 858 rebus,
953 785 1028 864 quas
1051 785 1173 844 soleant
1196 784 1320 843 fabulae
1341 785 1414 843 illae

299 887 466 946 amatoriae
499 904 673 946 communes
705 883 843 945 habere?
880 906 940 966 quo
973 886 1148 964 perversior
1183 885 1284 944 videri
1322 884 1416 944 debet

299 987 520 1048 Broendstedti
541 985 710 1059 sententia,
735 987 787 1065 qui
809 986 889 1045 ultra
906 988 1129 1046 Buttmannnm
1150 1006 1330 1065 progressus
1355 985 1415 1066 Gy-

301 1088 417 1168 dippae
433 1088 591 1148 historiam
613 1087 692 1146 nihil
715 1107 783 1147 esse
805 1088 866 1146 nisi
880 1107 995 1147 merum
1010 1089 1231 1148 imitamentum
1254 1089 1318 1148 eius
1335 1107 1414 1166 quae

302 1189 341 1248 de
365 1189 506 1269 Otesylla
534 1196 659 1247 narrata
683 1197 765 1248 esset
790 1187 915 1248 mirifica
937 1189 1028 1248 docet
1055 1191 1322 1268 argumentatione
1343 1189 1365 1248 l.
1388 1207 1413 1247 c.

301 1311 332 1370 p.
349 1299 393 1353 52.
426 1311 532 1350 verum
553 1291 611 1350 hoe
634 1274 726 1349 etiem
747 1291 844 1349 vincit
866 1290 995 1351 confusa
1016 1291 1203 1351 halucinatio
1220 1289 1413 1366 Hertzbergi,

302 1394 354 1471 qui
381 1393 510 1451 affirmat
540 1391 591 1451 die
618 1392 667 1450 El.
699 1390 728 1450 d.
752 1391 843 1451 Alex.
871 1374 892 1451 l.
916 1413 941 1450 c.
972 1413 1002 1472 p.
1035 1403 1098 1456 180:
1139 1395 1335 1450 Wirlrennen
1363 1394 1415 1448 den

299 1495 397 1551 Intalt
430 1497 507 1552 thella
540 1511 593 1552 aas
622 1496 674 1551 den
701 1495 884 1566 prosciseten
912 1495 1150 1570 Naotelzmunpen
1180 1497 1228 1552 des
1254 1497 1414 1550 Aristaene-

300 1605 343 1653 tus
370 1596 429 1653 und
449 1598 586 1653 Antonius
616 1591 685 1672 (sic)
710 1597 860 1665 Liberalis,
889 1597 1010 1652 welcher
1037 1583 1152 1653 letztere
1181 1612 1233 1653 uus
1257 1596 1417 1652 Nilcanders

306 1699 544 1772 Verecundlunpen
564 1697 729 1770 pesetoepst
750 1715 786 1753 zu
808 1697 897 1754 laben
918 1699 1039 1767 seteint,
1064 1699 1144 1754 thella
1167 1717 1193 1756 e.
1218 1717 1248 1776 q.
1272 1717 1296 1756 s.
1321 1716 1416 1776 quare

301 1818 368 1858 cum
397 1798 554 1878 Otesyllae
583 1796 701 1870 fabula,
732 1798 816 1877 quali
846 1798 971 1878 quidem
999 1799 1105 1858 nativa
1131 1797 1254 1858 videtur
1280 1799 1415 1878 vivaque

301 1902 398 1959 forma
413 1901 517 1973 fuisse,
534 1919 598 1959 non
613 1897 704 1957 modo
721 1919 785 1958 non
803 1898 843 1958 ad
860 1901 994 1960 eundem
1008 1899 1116 1959 redeat
1132 1900 1265 1979 priscum
1276 1901 1413 1981 mythum

301 2020 337 2060 ac
353 2001 518 2082 Cydippae
535 1998 647 2072 fabula,
671 1999 726 2059 sed
749 2001 792 2058 ita
815 2001 906 2060 etiam
929 2001 967 2071 ab
989 2002 1047 2060 hac
1070 2003 1233 2082 discrepet,
1257 2009 1368 2062 neutra
1382 2011 1415 2060 ut

301 2102 391 2162 alteri
418 2101 518 2159 lucem
551 2101 660 2160 afferre
690 2110 797 2188 queat,
831 2103 910 2164 iusto
946 2103 1011 2162 iure
1040 2103 1248 2163 Nicandrearn
1281 2102 1415 2162 fabulam

301 2205 361 2262 iam
383 2210 478 2262 totam
501 2200 720 2280 allegabimus.

385 2306 551 2390 Postquam
584 2303 631 2362 his
661 2303 895 2364 fundamentum
924 2305 1126 2366 subtraximus
1155 2307 1433 2366 Buttmannianae'

302 2389 538 2479 ratiocinationi,
561 2405 622 2463 iam
637 2405 743 2483 ,ipsum
767 2407 831 2466 eius
853 2408 946 2466 finem
969 2416 1109 2468 evertere
1134 2408 1321 2468 conabimur.

384 2509 525 2587 Namque
559 2507 585 2566 si
618 2505 742 2565 fabulae
776 2527 867 2587 qnam
901 2508 1106 2589 disceptamus
1138 2511 1265 2590 respicis
1300 2531 1416 2569 cursum

301 2620 394 2692 atque
418 2611 547 2682 exitum,
577 2629 614 2669 ea
642 2628 680 2668 ex
709 2618 792 2668 certa
815 2610 949 2690 quadam
971 2612 1134 2690 analogiae
1156 2612 1228 2689 lege
1250 2631 1291 2670 ne
1314 2621 1416 2691 potest

303 2713 427 2794 quidem
441 2713 486 2770 ita
500 2711 587 2770 finita
604 2729 681 2784 esse,
704 2719 738 2769 ut
753 2721 932 2772 consecrata
947 2713 987 2772 sit
1003 2712 1149 2793 Cydippa
1164 2715 1259 2793 inque
1277 2713 1416 2772 divinum

301 2814 427 2895 aliquod
455 2820 582 2891 recepta
616 2813 810 2872 consortium.
865 2834 977 2893 nempe
1013 2815 1094 2874 enim
1126 2816 1307 2874 innumerae
1340 2835 1416 2874 sane

301 2916 480 2976 ferebantur
507 2913 629 2973 fabulae
658 2923 871 2993 pervetustae,
907 2914 1016 2995 quibus
1044 2916 1183 2976 homines
1215 2916 1417 2976 tradebantur

301 3026 373 3098 post
394 2995 522 3076 mortein
545 3036 612 3076 cum
627 3015 730 3095 aliquo
755 3013 813 3076 deo
838 3016 938 3076 deave
960 3018 993 3075 in
1016 3019 1105 3076 unius
1128 3019 1261 3076 numinis
1278 3026 1417 3077 naturam

302 3120 451 3189 coaluisse
474 3126 526 3178 aut
548 3118 609 3177 alio
632 3116 723 3176 modo
747 3117 787 3176 ad
810 3117 933 3178 divinos
955 3119 1088 3178 honores
1112 3139 1180 3178 esse
1203 3121 1351 3198 provecti.
1386 3128 1417 3178 at

300 3222 356 3281 has
378 3242 452 3280 vero
475 3218 678 3298 legendas,
709 3239 788 3298 quae
811 3220 932 3278 sincera
955 3221 1125 3294 numinum,
1154 3222 1280 3294 rituum,
1305 3241 1416 3298 cogno-

301 3325 416 3382 minum
444 3320 569 3381 deorum
596 3321 628 3379 vi
651 3328 743 3399 atque
766 3303 885 3398 origine
914 3319 1035 3400 pridem
1063 3321 1238 3381 oblitterata
1267 3342 1417 3381 commen-

300 3402 389 3485 ticias
419 3421 572 3504 quaslibet
594 3439 717 3479 caussas
746 3430 903 3501 promunt,
932 3435 1173 3483 consentaneum
1201 3424 1340 3502 profecto
1370 3435 1417 3484 est

301 3661 369 3712 sium
388 3659 504 3710 miscell.
523 3659 619 3726 philol.
638 3658 657 3709 l.
675 3659 717 3709 ΙΙΙ
735 3655 861 3722 (Vratisl.
882 3658 958 3722 1861)
977 3675 1004 3723 p.
1022 3659 1054 3708 26
1067 3673 1106 3723 sq.
1125 3683 1160 3694 -
1183 3663 1248 3723 quot
1269 3674 1334 3709 vero
1353 3673 1416 3708 nar-

301 3748 417 3796 rationis
436 3750 574 3796 momenta
592 3748 675 3810 atque
693 3735 855 3795 ornamenta
867 3743 946 3794 verbi
959 3758 1058 3793 caussa
1071 3744 1106 3793 ab
1118 3742 1238 3800 Homero
1249 3745 1417 3808 posteriores
1502 3727 1505 3734 ⁴

302 3832 390 3896 epici,
417 3831 530 3880 Nonnus
555 3830 588 3880 ab
607 3829 752 3895 Apollonio
776 3829 942 3894 sumpserint
959 3828 1084 3894 integra,
1115 3827 1143 3878 id
1160 3827 1252 3878 notius
1271 3832 1314 3878 est
1336 3844 1417 3893 quam

304 3915 375 3980 quod
394 3915 525 3980 exemplis
543 3914 690 3964 inlustrare
708 3913 800 3965 velim.
826 3914 949 3979 apprime
969 3912 1071 3974 cadunt
1089 3916 1180 3962 autem
1198 3913 1228 3962 in
1246 3917 1331 3962 totam
1344 3913 1417 3962 hane

300 4000 359 4050 rer'n
376 3999 500 4050 Senecae
519 3999 604 4049 verba
623 4013 695 4051 suas.
731 4000 772 4049 111
791 4016 817 4064 p.
837 4001 868 4047 21
882 4014 921 4062 sq.
940 3999 1016 4048 Burs.
1052 3998 1099 4047 lucc
1117 4005 1198 4047 autem
1217 3997 1317 4047 dicebat
1337 3999 1418 4047 Gallio

294 4087 402 4136 vNasoni
423 4101 468 4135 auo
491 4086 564 4134 ualde
590 4085 727 4147 placuisse.
767 4085 852 4148 itaque
876 4083 971 4146 fecisse
994 4084 1072 4138 illum,
1104 4085 1173 4148 quod
1198 4084 1224 4131 in
1251 4083 1333 4131 multis
1360 4083 1418 4130 aliia

301 4171 425 4230 oerm'doev
437 4170 545 4234 Verpitit
560 4168 675 4231 fecerat,
699 4184 749 4218 non
766 4167 926 4230 subripiendi
942 4182 1032 4224 causa,
1055 4168 1103 4216 sed
1116 4169 1203 4231 polam
1220 4168 1346 4225 imitandi,
1370 4166 1418 4215 too

301 4258 396 4313 utrisne,
414 4263 446 4304 nt
463 4257 561 4304 uellet
578 4249 728 4318 aquosos·
748 4267 803 4301 esee
821 4252 946 4300 antemio
965 4253 1098 4315 tragoedia
1116 4253 1183 4300 eins:
1256 4261 1259 4266 '

641 4355 716 4417 feror
733 4354 781 4403 duc
797 4355 856 4403 illuc
872 4361 900 4401 ut
916 4355 993 4416 plena
1011 4354 1068 4402 deo.
