3254 5158
677 422 886 486 *59-

226 596 289 651 dem
310 611 349 651 aa
371 597 482 668 iugenio
504 601 723 669 eryaeureuden
738 599 964 663 Kommentator,
985 601 1112 656 soudcru
1134 603 1214 658 einer
1236 602 1339 658 Verer-

223 695 366 769 trefe-runo
383 698 610 770 unzuyetoereu.
655 701 804 757 Nelmlich
819 703 896 757 diese
919 703 948 756 iu
963 703 1016 757 der
1030 703 1132 758 lctzten
1149 702 1268 775 Huelste
1290 705 1340 760 oles

182 861 187 871 ,
225 803 270 854 15.
286 798 391 856 ΙαΙινΙι.
408 799 544 856 lebcudeu
561 801 714 858 Gelelrrtcu
729 801 898 874 aelocpsteu
914 803 960 859 ilar
983 804 1104 869 Wissen,
1120 820 1151 860 so
1167 805 1339 862 uuvolllrom-

223 915 287 955 meu
302 916 332 956 es
346 902 407 956 selu
423 918 496 974 moy,
510 919 563 958 cus
574 903 807 976 Hondscliriften
818 905 862 960 dic
870 905 948 975 jctrt
962 907 1093 961 veriores
1106 907 1173 961 sind
1183 908 1252 962 oder
1264 909 1339 964 auct

223 1002 393 1058 unbeoclstet
407 1004 507 1076 lieyeu,
524 1007 669 1061 susciten
685 1007 790 1062 wieder
806 1021 860 1061 aus
875 1007 1002 1062 aetteren
1015 1021 1175 1079 yezoycueu
1192 1006 1339 1068 Scholiem
1374 1065 1378 1074 ,

222 1105 284 1160 und
303 1119 334 1160 so
358 1106 510 1161 verdtencu
537 1108 578 1161 sie
605 1108 650 1163 die
673 1106 941 1178 Aufmerlrsamlceit
968 1109 1018 1164 cles
1040 1107 1171 1164 Kritr'lrer
1193 1109 1275 1166 meter
1297 1111 1340 1166 als

224 1205 311 1261 ilzncu
333 1205 428 1261 lister
449 1224 486 1263 zu
512 1207 596 1264 Tacit
614 1209 777 1280 ycuordeu.

309 1305 444 1365 Primum
465 1307 672 1368 Buttmannus
700 1328 764 1367 non
795 1309 855 1368 nisi
886 1309 925 1368 de
954 1310 1192 1386 argumentis
1221 1311 1339 1370 Antoni

226 1406 332 1467 Volsci
349 1409 562 1485 quaestionem
578 1408 713 1469 debebat
729 1410 872 1469 excitare.
895 1429 966 1468 nam
981 1411 1206 1472 commentariis
1221 1412 1340 1471 Antoni

227 1517 258 1568 et
273 1507 416 1568 Vbertini
438 1508 590 1590 huiusque
614 1511 706 1570 etiam
721 1512 890 1570 summariis
913 1511 991 1570 nihil
1013 1512 1114 1571 bonae
1136 1511 1232 1591 frugis
1247 1514 1338 1572 inest.

225 1619 256 1668 at
278 1611 467 1688 argumentis
485 1631 562 1670 sane
584 1611 647 1671 illis
663 1611 816 1692 quaedam
837 1613 1014 1673 testimonia
1029 1613 1235 1688 continentur,
1261 1634 1339 1694 quae

223 1731 326 1791 neque
349 1712 425 1771 alias
442 1713 585 1790 legantur
601 1723 632 1774 et
645 1714 738 1774 fidem
755 1716 865 1774 mereri
879 1709 1089 1792 videantur¹).
1120 1733 1226 1774 verum
1247 1735 1341 1794 supra

293 1913 313 1979 ¹)
337 1915 405 1965 Tria
427 1929 501 1965 nunc
525 1915 616 1966 obIter
635 1915 736 1967 delibo.
773 1931 836 1966 nam
861 1917 1069 1983 inpraesentia
1088 1931 1140 1981 quo
1159 1917 1339 1968 minushano

223 2015 281 2048 rem
300 1999 457 2074 accuratius
474 2005 642 2065 pertractem
660 2005 772 2064 praeter
789 2000 921 2051 librorum
941 2005 1103 2066 apparatum
1122 2006 1151 2051 et
1162 2002 1247 2051 otium
1261 2003 1340 2052 deest

224 2088 252 2134 et
278 2083 416 2135 voluntas.
452 2085 482 2134 in
503 2084 605 2135 Antoni
630 2095 734 2150 argum.
760 2102 802 2152 ep.
826 2086 892 2136 XIII
920 2086 1037 2152 legitur:
1074 2087 1205 2142 Pacuvius,
1227 2095 1253 2138 et
1279 2089 1339 2138 Piti-

224 2171 280 2218 nius
296 2170 479 2233 protlcesiluum
496 2171 655 2234 tragoediam
672 2172 824 2221 ediderunt:
847 2187 883 2223 ern
901 2189 951 2237 qua
967 2174 1067 2220 stultum
1083 2173 1109 2220 iu
1125 2173 1190 2221 kaus
1208 2175 1340 2238 epistolam

224 2251 326 2303 Ouidius
348 2255 486 2304 transtulit.
527 2255 652 2305 novimus
674 2255 814 2320 EurIpidis
836 2255 1020 2306 Protesilaum
1049 2257 1237 2322 tragoediam,
1267 2260 1339 2308 Ana·

222 2338 363 2389 xandridis
381 2339 571 2404 cognominem
595 2340 778 2403 comoediam,
807 2357 841 2391 ac
859 2343 954 2391 nescio
973 2341 1050 2391 cuius
1065 2343 1163 2392 comici
1175 2342 1341 2394 Protesilao-

224 2422 317 2473 damia
335 2423 364 2472 in
381 2422 487 2488 Vergili
505 2423 620 2474 scholiis
631 2425 837 2474 Veronensibus
855 2431 917 2490 post
935 2425 1038 2476 Maium
1058 2440 1074 2475 a
1092 2425 1183 2477 Keilio
1203 2427 1284 2477 editis
1305 2427 1339 2476 ad

223 2507 291 2558 Aen.
304 2509 344 2558 IV
358 2510 406 2559 146
423 2509 541 2559 indicari
559 2510 675 2562 videtur.
700 2509 756 2558 iam
774 2524 873 2560 novum
890 2525 1000 2576 prorsus
1020 2512 1135 2576 emergit
1153 2512 1340 2563 testimonium

223 2593 256 2642 de
275 2593 381 2644 Pacuvi
394 2593 504 2659 'Pitique
524 2619 554 2627 —
574 2594 677 2644 Titinio
697 2595 768 2643 enim
787 2595 878 2644 Titius
897 2594 1103 2645 substituendus
1121 2621 1155 2631 -
1173 2597 1339 2660 tragicorum

223 2679 398 2741 Protesilais‚
424 2678 495 2743 quod
517 2678 591 2728 haud
614 2679 740 2745 profecto
764 2679 898 2729 reiculnm
916 2679 1052 2732 videatur.
1089 2695 1251 2745 quamquam
1271 2681 1341 2744 quod

223 2762 257 2813 de
276 2761 376 2814 Ovidio
400 2762 572 2827 subiungitur
594 2763 678 2813 facile
703 2761 779 2812 soliti
802 2763 911 2827 generis
934 2762 1081 2812 hariolatio
1101 2767 1150 2812 est.
1186 2764 1215 2812 in
1235 2779 1339 2827 argum.

224 2863 267 2913 ep.
286 2848 379 2899 XVIII
397 2846 512 2913 legitur:
543 2848 664 2897 Leander
682 2847 804 2897 ubtdeuus
822 2863 876 2896 cum
894 2846 995 2896 Sestiue
1012 2847 1089 2896 uem
1107 2861 1192 2896 amore
1211 2854 1341 2896 teneretur

223 2941 298 2984 noctu
320 2935 397 2984 marte
420 2935 550 2997 augustiae
573 2939 600 2982 ut
617 2932 791 2982 Philostratus
812 2931 1011 2982 cottiarum
1029 2932 1066 2981 ud
1082 2933 1149 2981 illum
1166 2940 1339 2982 cousueuerat.

224 3031 285 3067 eum
302 3033 437 3083 nusquam
455 3015 641 3067 Philostratus
659 3017 689 3066 in
708 3017 749 3067 eis
767 3031 837 3081 quae
855 3031 905 3066 nos
924 3015 1058 3066 habemus
1075 3016 1187 3081 scriptis
1204 3016 1295 3066 Herus
1314 3022 1342 3067 et

222 3102 344 3152 Leandri
363 3117 484 3152 amorum
503 3100 636 3151 similisve
654 3101 695 3150 rei
714 3100 784 3166 quod
803 3115 855 3164 ego
874 3101 961 3151 sciam
979 3100 1146 3150 mentionem
1165 3101 1272 3162 iniciat,
1292 3104 1342 3150 aut

223 3186 340 3236 nomime
360 3201 435 3236 error
453 3186 561 3248 subest,
587 3189 634 3235 aut
657 3184 732 3236 illius
751 3185 893 3235 testimoni
910 3185 1013 3251 primus
1032 3190 1130 3236 auctor
1148 3185 1270 3249 quisquis
1289 3185 1342 3236 t'nit

223 3271 374 3337 integriore
394 3287 474 3336 quam
493 3285 543 3320 nos
560 3285 625 3320 usus
644 3275 686 3320 est
704 3271 855 3336 imaginum
872 3269 1123 3320 Philostrateamm
1138 3269 1269 3335 exemplo,
1289 3286 1341 3335 quo

224 3357 308 3406 etiam
331 3357 424 3422 imago
447 3356 587 3406 Heronem
612 3371 673 3405 cum
694 3355 823 3405 Leandro
846 3359 1060 3420 repraesentans
1084 3355 1224 3421 descripta
1247 3355 1340 3409 fuerit.

222 3455 341 3505 namque
361 3444 484 3503 constat,
505 3443 532 3490 et
550 3439 599 3492 illo
618 3444 779 3504 argumento
796 3444 907 3490 veteres
925 3441 1047 3506 pictores
1064 3455 1128 3492 usos
1142 3455 1217 3505 esse,
1238 3445 1266 3490 et
1278 3439 1340 3490 Phi-

222 3524 396 3576 lostratorum
420 3526 556 3591 imagines
579 3524 671 3575 multis
695 3525 783 3575 modis
807 3530 951 3576 truncatas
976 3525 1011 3575 ad
1034 3541 1084 3576 nos
1106 3525 1275 3591 pervenisse.
1314 3529 1343 3575 at

222 3610 246 3659 si
269 3610 297 3658 in
320 3611 430 3660 nomine
454 3615 601 3675 peccatum
625 3614 681 3674 est,
705 3625 760 3660 non
783 3611 874 3661 minus
897 3614 963 3676 puto
987 3625 1019 3662 eo
1042 3610 1173 3661 ducemur
1190 3614 1220 3660 ut
1238 3610 1341 3660 fontem

221 3698 376 3744 statuamus
399 3695 480 3745 hodie
505 3711 559 3745 non
582 3697 638 3745 tam
656 3699 807 3760 patentem.
844 3710 896 3758 quo
914 3699 997 3760 pacto
1016 3696 1088 3745 enim
1106 3693 1167 3744 fieri
1185 3699 1295 3759 poterat
1311 3701 1342 3744 ut

222 3779 405 3830 Philostratus
424 3795 485 3830 curn
502 3781 616 3831 Musaeo
635 3778 680 3830 vel
693 3779 815 3845 Vergilio
834 3779 879 3829 vel
891 3779 993 3830 Ouidio
1011 3778 1056 3830 vel
1075 3778 1165 3829 Statio
1184 3781 1341 3844 ceterisque

223 3879 289 3928 quos
308 3868 434 3916 recenset
451 3865 628 3915 Heinrichins
646 3864 737 3929 praei.
757 3863 791 3913 ad
808 3865 878 3913 Mus.
897 3880 923 3929 p.
936 3864 1015 3913 XLII
1029 3879 1088 3928 sqq.
1108 3862 1340 3913 contunderetur?

222 3964 385 4014 quamquam
403 3965 458 4000 non
476 3950 571 4000 nescio
589 3949 633 4000 his
651 3951 680 3998 in
698 3949 780 3999 rebus
794 3949 990 3999 circumveniri
1003 3963 1087 4013 saepe
1100 3948 1341 3998 ratiocinationem

223 4049 339 4085 acasus
357 4032 492 4084 ludibriis.
529 4034 607 4085 modo
633 4034 667 4083 de
686 4033 782 4083 frande
801 4032 859 4083 noli
877 4034 1010 4099 cogitare.
1047 4033 1165 4098 denique
1183 4033 1268 4096 digna
1285 4048 1340 4082 mc-

221 4118 688 4183 moratuhaecexargum.ep.11:
704 4119 800 4182 phyllis
818 4120 936 4184 Lycurgi
952 4120 1063 4170 driautia
1081 4135 1121 4168 ex
1139 4124 1342 4168 eructuarent

218 4205 274 4266 filr'a
297 4219 320 4252 e.
341 4217 366 4266 q.
385 4218 407 4256 s.
444 4201 578 4266 Phyllidis
605 4207 713 4265 patrem
742 4203 791 4252 alii
815 4202 990 4253 Sithonem
1018 4204 1163 4254 nominant
1185 4200 1233 4251 alii
1255 4200 1340 4263 Phy-

222 4283 322 4349 leum,
341 4288 533 4352 Lycurgum
551 4285 766 4351 mythographns
779 4287 920 4338 Bodianns
938 4290 952 4338 Ι
969 4289 1020 4340 204
1037 4304 1063 4353 p.
1077 4288 1110 4338 64
1129 4291 1157 4336 et
1174 4284 1340 4349 Pomponius

222 4371 340 4422 Sabinus
359 4371 395 4421 ad
412 4372 494 4436 Verg.
515 4370 568 4421 cul.
589 4373 638 4421 130
657 4385 696 4435 sq.
722 4376 751 4420 at
774 4372 845 4438 quod
868 4375 951 4423 matri
974 4371 1111 4438 Phyllidis
1133 4383 1233 4420 nomen
1256 4369 1341 4420 inerIt
