3254 5158
764 443 972 508 -34*

313 618 353 676 ad
382 618 440 676 hoc
475 618 533 695 frg.
565 626 595 676 ct
622 617 846 678 Valckenarius
877 614 996 676 Gallim.
1027 616 1104 694 eleg.
1135 616 1214 694 frgg.
1245 636 1276 694 p.
1306 623 1357 678 215
1388 635 1426 675 ex

312 717 510 777 Aristaencto
533 718 745 796 conlegerunt.
770 718 884 776 etenim
908 725 1000 796 etym.
1023 738 1061 775 m.
1085 737 1117 796 p.
1140 723 1200 790 306,
1224 725 1274 776 λιι

398 809 569 894 εἰσπνήλης·
594 809 609 875 ὃ
632 810 784 897 ἐρώμενος.
828 816 1014 895 Καλλίμαχος
1165 897 1166 900 ¹

277 932 305 972 111
531 916 673 996 μέμβλετο
696 911 724 974 δ’
748 911 935 994 εἰσπνήλαις,
958 909 1069 976 ὁππότε
1091 916 1201 996 κοῦρος
1223 915 1265 976 ἴοι

309 1009 410 1080 dria&
431 1019 485 1078 τοῦ
507 1016 614 1098 ἔρωτος
636 1015 854 1095 εἰσπνεόμενος·
877 1013 1114 1096 Λακεδαιμόνιοι
1136 1011 1193 1096 γὰρ
1208 1016 1339 1078 erravero
1353 1015 1426 1094 φασὶ

313 1110 346 1179 τὸ
368 1116 447 1197 ἐρᾶν.
470 1109 490 1194 ἢ
512 1114 594 1198 παρὰ
615 1110 649 1179 τὸ
671 1116 796 1179 ἕπεσθαι
818 1124 879 1190 τοῖς
900 1116 1071 1199 ἐρωμένοις·
1095 1113 1224 1197 έπνήλης
1245 1141 1289 1189 τις
1312 1107 1354 1178 dv
1376 1111 1427 1177 κοιλ

312 1215 478 1298 εἰσπνήλης.
520 1287 533 1296 ,⁴

312 1325 416 1402 Etym.
440 1322 507 1382 cod.
529 1324 633 1383 Nann.
657 1323 745 1382 addit
766 1332 959 1402 pentametro
982 1323 1221 1383 hemistichium:
1243 1329 1245 1336 '

727 1415 840 1498 φωλεὸν
861 1411 881 1500 ἢ
904 1422 1019 1501 λοίτρον

314 1533 345 1583 et
367 1525 504 1585 Zonaras
526 1545 558 1604 p.
581 1533 648 1587 628:

398 1618 573 1700 εἰσπνήλης·
596 1614 612 1682 ὁ
635 1616 788 1701 ἐρώμενος.
825 1625 1009 1703 Καλλίμαχος

531 1723 674 1803 μέμβλετο
697 1715 724 1782 δ’
750 1719 935 1801 εἰσπνήλαις,
957 1717 1068 1785 dacore
1090 1725 1198 1798 κοῦρος
1220 1723 1263 1783 ἴοι

572 1817 688 1901 φωλεὸν
709 1815 731 1902 ἢ
753 1819 879 1903 λοετρόν.

315 1946 433 2023 corrige
455 1929 582 2019 ὁππότε,
605 1930 806 2021 districtam.

400 2062 502 2122 Sohol.
530 2063 662 2122 Theocr.
692 2063 759 2121 XII
787 2083 902 2141 argum.
931 2059 991 2121 έστι
1026 2058 1059 2121 δέ
1085 2059 1235 2133 εἴσπνιλος
1262 2052 1277 2118 ὃ
1307 2052 1429 2142 ἐραστής

315 2156 390 2221 κατὰ
417 2153 472 2238 τὴν
500 2163 560 2222 τών
577 2154 763 2240 Ἀμυκλαίων
792 2155 953 2222 διάλεκτον.
987 2151 1074 2238 dirue
1097 2154 1165 2222 δέὁ
1195 2154 1355 2240 ἐρώμενος,
1390 2151 1429 2233 ώς

318 2262 460 2322 Θετταλοί
487 2279 589 2337 φασιν.
620 2267 660 2324 cf.
689 2266 784 2324 schol.
813 2267 880 2325 XII
910 2275 950 2329 13.
982 2274 1013 2324 et
1044 2271 1136 2344 etym.
1166 2286 1204 2324 m.
1240 2287 1271 2345 p.
1300 2271 1350 2340 43,
1378 2275 1428 2327 31:

311 2353 426 2439 Ἀΐτης·
449 2357 464 2421 ὁ
486 2361 645 2441 ἐρώμενος·
669 2355 749 2439 παρέ
770 2359 802 2423 τὸ
824 2355 902 2438 disto,
925 2356 942 2422 ὅ
964 2362 1023 2423 ἐστι
1045 2363 1162 2424 πνέειν·
1185 2355 1361 2424 ὁείσπνέων
1375 2354 1429 2422 τὸν

316 2462 408 2544 ἔρωτα
430 2466 473 2547 τῷ
496 2462 611 2548 ἐραστῇ.
654 2464 726 2541 φασὶ
748 2456 806 2545 γοὶρ
827 2466 966 2544 γίνεσθαι
987 2456 1040 2524 τὸν
1061 2464 1155 2544 ἐρωτα
1176 2462 1208 2524 ἐκ
1230 2467 1283 2524 τοῦ
1304 2464 1429 2525 εἰσπνεῖ-

315 2571 388 2625 σθαι
416 2563 449 2624 ἐκ
476 2567 529 2641 τῆς
551 2569 668 2644 μορφῆς
689 2568 742 2627 τοῦ
764 2564 933 2646 ἐρωμένου,
953 2558 1029 2626 ὅθεν
1051 2565 1102 2625 καὶ
1125 2560 1284 2644 εἰσπνήλας
1306 2567 1429 2626 καλοῦσι

294 2745 297 2750 .
315 2658 384 2738 τούς
399 2658 521 2746 ἐραστὰς
541 2658 622 2744 παρὰ
638 2661 828 2748 Λώκωσινέ).
857 2671 896 2728 cf.
912 2670 1109 2729 Welckerum
1130 2670 1174 2729 kl.
1191 2670 1276 2730 Schr.
1292 2670 1327 2729 ΙΙ
1341 2690 1371 2748 p.
1383 2675 1427 2742 93,

317 2769 354 2830 Ο.
370 2770 553 2830 Muellerum
568 2773 643 2831 Dor.
659 2773 695 2832 II
705 2793 736 2852 p.
752 2781 813 2846 286,
831 2773 884 2853 qui
902 2792 940 2831 ex
956 2779 1045 2851 parte
1061 2773 1222 2850 corrigitur
1239 2792 1258 2830 a
1270 2769 1427 2830 Lobeckio

316 2873 456 2951 prolegg.
479 2873 564 2951 path.
587 2894 618 2952 p.
641 2881 691 2936 577
715 2894 761 2953 sq.
785 2873 834 2933 cll.
856 2872 932 2933 ibid.
955 2895 986 2952 p.
1011 2883 1070 2935 ltl.

334 2993 337 2997 ·
401 2973 604 3034 Callimachus
631 2983 730 3033 utrum
752 2967 869 3048 φωλεόν
890 2975 1057 3033 masculino
1085 2993 1201 3052 genere
1229 2974 1366 3053 posuerit
1388 2993 1428 3032 au

315 3094 390 3133 vero
413 3083 532 3147 neutro,
556 3095 613 3153 per
635 3095 668 3134 se
690 3074 772 3134 haud
794 3076 867 3134 satis
884 3075 989 3134 claret.
1021 3083 1052 3134 at
1067 3084 1217 3147 neutrum,
1241 3095 1319 3154 quae
1334 3076 1428 3151 longe

315 3177 412 3235 rarior
435 3183 481 3233 est
502 3175 608 3248 forma,
633 3175 670 3234 ab
695 3195 731 3233 eo
754 3177 924 3254 praelatum
946 3184 1029 3255 puto,
1059 3176 1091 3234 id
1114 3176 1196 3256 qnod
1220 3195 1287 3235 cum
1308 3166 1428 3252 λόετρον

315 3276 443 3335 verbnm
459 3277 544 3335 iuxta
566 3278 606 3335 sit
628 3274 797 3335 adhibitum
820 3285 851 3335 et
872 3276 910 3335 ab
927 3277 1114 3356 aequalitate
1130 3278 1261 3337 fortasse
1277 3295 1427 3336 commen·

289 3401 290 3404 ¹
318 3376 415 3435 datur.
460 3385 552 3456 atque
580 3377 769 3454 Hesychius:
803 3371 934 3451 φωλεόν·
970 3374 1252 3437 διδασκαλεῖον·
1280 3365 1301 3453 ἢ
1327 3361 1364 3434 οὗ
1392 3367 1428 3433 τώ

316 3477 411 3554 θηρία
432 3479 584 3554 κοιμᾶται·
607 3466 630 3552 ἢ
650 3460 693 3535 οὗ
714 3470 911 3554 χορεύουσι
933 3475 996 3535 καὶ
1019 3471 1322 3556 διδάσκουσινέ)
1345 3475 1379 3535 οἱ
1397 3473 1430 3536 δὲ

386 3695 405 3761 ¹)
423 3697 497 3747 Hinc
516 3695 624 3760 etymol.
643 3695 713 3746 (lud.
731 3712 757 3761 p.
774 3698 816 3758 22,
836 3697 881 3746 58:
899 3685 995 3761 Ἄλτης,
1015 3690 1031 3746 ὁ
1050 3687 1189 3761 ἐρώμενος
1216 3687 1294 3762 πυροὶ
1313 3689 1345 3747 τὸ
1364 3684 1428 3746 dccv
1527 3725 1530 3729 -

317 3769 333 3830 ὃ
353 3775 410 3831 ἐστι
427 3775 535 3845 πνέειν,
555 3771 570 3830 ὁ
589 3774 736 3846 εἰσπνέων,
757 3774 846 3846 ἐρωτα
863 3778 902 3844 τῷ
922 3773 1037 3846 ἐραστῇ·
1059 3779 1130 3846 caol
1148 3777 1203 3846 γὰρ
1222 3779 1360 3846 γενέσθαι
1377 3771 1429 3830 τὸν

319 3859 407 3929 ἐρωτα
426 3859 475 3916 διώ
494 3860 525 3915 τὸ
543 3860 726 3917 εἰσπνεῖσθοιι
744 3858 794 3916 τὸν
814 3858 903 3929 ἐρωτοι
920 3863 972 3914 τοῦ
990 3855 1143 3929 ὁρωμένου,
1163 3855 1237 3917 ὅθεν
1248 3862 1298 3916 κοιλ
1311 3856 1427 3930 εἰσπνή-

318 3949 368 4008 λοις
390 3948 508 4002 καλοῦσι
530 3943 597 4007 τοὺς
621 3941 741 4015 έραστολς
764 3944 794 4001 οἱ
810 3941 944 4009 λα’κωνες.
978 3965 1048 4014 quae
1067 3951 1108 4001 sic
1127 3951 1264 4016 corrigas:
1284 3942 1388 4015 Ἄλτης,
1411 3938 1427 3996 ὁ

314 4024 470 4100 ἐρώμενος,
488 4027 567 4094 παρὰ
585 4027 617 4084 τὸ
634 4025 699 4085 derv
716 4025 733 4084 d
751 4025 808 4084 ἐστι
826 4028 937 4092 πνέειν,
957 4023 972 4084 ὁ
991 4027 1129 4086 εἰσπνέων
1148 4027 1238 4100 ἔρωτα
1255 4032 1294 4098 τῷ
1312 4021 1428 4099 ἐραστῇ·

318 4114 390 4182 φασλ
412 4111 467 4183 γὰρ
490 4115 627 4183 γίνεσθαι
648 4111 698 4170 τὸν
721 4111 811 4182 ἔρωτα
835 4108 884 4168 διώ
908 4109 939 4167 τὰ
959 4111 1141 4170 atravatrum
1166 4110 1197 4170 ἐκ
1215 4115 1266 4170 τοῦ
1285 4109 1428 4182 ἐρωμένου

319 4219 343 4254 e.
362 4219 387 4269 q.
407 4218 428 4254 ε.
448 4203 484 4254 cf.
503 4220 530 4269 p.
549 4204 608 4266 617,
626 4204 659 4252 46
678 4207 706 4252 et
724 4201 846 4254 Crameri
865 4201 979 4252 anecdd.
1000 4202 1051 4253 Ox.
1070 4203 1099 4253 II
1116 4219 1143 4268 p.
1164 4205 1219 4254 173.

384 4287 405 4354 ²)
426 4287 469 4340 ef.
488 4286 573 4338 schol.
597 4287 648 4337 Od.
667 4286 732 4349 365
749 4280 846 4352 χορόν]
864 4277 895 4336 τὸ
914 4280 1078 4352 συνέδριον,
1102 4281 1135 4336 τὸ
1152 4276 1314 4350 ἄθροισμα,
1332 4277 1367 4334 rai
1386 4281 1431 4335 ιλι-

317 4369 483 4426 decurtato.
