3284 5158
692 443 980 518 2102—

310 619 403 678 fuerit
412 618 570 678 Marianus
584 617 792 691 scholasticus,
810 618 862 696 qui
871 617 1036 677 Anastasio
1048 625 1200 696 regnante
1215 618 1255 697 (a
1267 619 1428 696 sal-518)

312 741 379 779 cum
394 720 470 779 alias
486 720 681 799 antiquorum
695 727 856 798 poetarum
871 718 1016 779 iambicas
1035 719 1240 798 paraphrases
1259 723 1430 800 composuit

310 832 374 882 tum
405 821 514 881 eodem
543 821 668 880 artificio
700 819 878 880 Callimachi
909 822 1085 880 memoriam
1118 840 1270 882 renovare
1303 822 1428 897 studuit,

312 922 449 984 scribens
472 902 656 999 μετάφράσιν
678 914 870 998 Καλλιμάχου
888 907 1025 997 Ἑκάλης,
1048 914 1151 995 ὕμνων
1173 917 1224 979 καὶ
1247 921 1306 981 τῶν
1328 921 1430 982 αἰτίων

311 1019 442 1084 καὶτῶν
465 1014 708 1102 ἐπιγραμμάτων,
737 1018 769 1080 ἐν
798 1014 916 1100 ἰάμβοις
946 1014 1029 1098 ςωι’,
1051 1031 1084 1084 ut
1107 1023 1219 1103 Suidas
1241 1024 1337 1084 tradit
1359 1046 1383 1085 s.
1399 1046 1429 1085 u.

311 1116 477 1203 Μαριανός.
507 1125 604 1205 qualis
627 1145 721 1204 opera
742 1126 817 1186 satis
839 1121 946 1204 aperto
969 1125 1084 1185 indicio
1101 1133 1156 1200 est,
1178 1107 1299 1187 tantum
1315 1127 1430 1188 afuisse

311 1235 345 1286 nt
368 1225 576 1286 Callimachea
596 1227 730 1286 carmina
753 1246 790 1286 ea
810 1235 884 1286 tunc
907 1228 1179 1307 frequentarentur
1200 1227 1345 1302 lectione,
1370 1249 1431 1309 qua

313 1328 445 1406 Gregori
465 1329 660 1388 Nazianzeni
682 1329 850 1408 Nonnique
874 1336 986 1403 aetate,
1010 1337 1043 1386 ut
1057 1327 1103 1394 ¹ab
1126 1329 1239 1388 iniuria
1263 1328 1429 1390 oblivionis

312 1431 491 1489 imminente
513 1429 695 1488 viderentur
716 1429 847 1488 tut-anda
870 1449 949 1489 esse.
995 1449 1090 1509 quare
1119 1429 1175 1489 sub
1204 1431 1281 1491 illud
1309 1439 1430 1511 tempus

313 1530 440 1591 obscuro
453 1531 573 1591 cuidam
584 1530 699 1590 rhetori
714 1531 796 1591 utilis
809 1551 868 1591 nec
882 1532 1024 1609 ingratae
1040 1515 1109 1592 esse
1125 1552 1240 1611 operae
1255 1531 1428 1607 videbatur,

312 1634 339 1692 si
362 1633 512 1692 exactiis
535 1633 649 1692 veteris
672 1641 785 1713 poetae
809 1654 876 1694 eam
898 1632 1042 1706 fabulam,
1068 1653 1148 1713 quae
1171 1653 1189 1691 a
1210 1633 1317 1713 lepido
1342 1655 1430 1713 argu-

207 1815 210 1818 ,
311 1742 416 1794 mento
440 1735 586 1793 amatorio
610 1744 734 1813 praeter
762 1743 880 1795 ceteras
909 1735 1074 1808 arrideret,
1105 1736 1290 1814 exprimeret
1311 1735 1369 1808 ita,
1398 1743 1431 1794 ut

313 1836 354 1896 ad
377 1836 492 1895 saeculi
515 1855 653 1910 sensum,
684 1845 767 1896 certe
790 1837 832 1897 ad
854 1857 955 1910 suum,
989 1838 1072 1896 illam
1094 1845 1273 1915 appararet,
1303 1838 1430 1896 resectis

314 1938 372 2010 eis,
403 1957 482 2017 qnae
505 1957 612 2017 parum
639 1939 672 1996 in
695 1958 759 1998 rem
787 1939 890 1998 facere
918 1938 1112 2004 viderentur,
1144 1937 1318 2017 additisque
1342 1938 1430 1998 novis

314 2037 497 2119 quibusdam
536 2041 734 2099 ornamentis.
791 2041 903 2100 etenim
936 2039 1045 2100 eodem
1081 2059 1116 2098 se
1148 2041 1272 2098 nomine
1304 2039 1432 2099 historia

314 2139 480 2219 Cydippae
497 2140 731 2200 commendabat
747 2162 807 2221 quo
824 2151 975 2220 cognatae
992 2161 1067 2221 quas
1084 2150 1187 2201 narrat
1201 2142 1255 2214 Ia,
1271 2142 1342 2214 113,
1359 2142 1376 2200 I
1391 2151 1429 2214 15,

315 2242 454 2321 epistulis
477 2243 520 2300 ita
542 2243 709 2318 immixtas,
739 2253 772 2302 ut
799 2264 839 2303 ne
863 2245 968 2323 specie
996 2243 1119 2324 quidem
1140 2243 1204 2302 ulla
1233 2243 1431 2322 epistularum

314 2340 413 2402 obiter
436 2361 488 2401 eas
512 2341 669 2403 obducere
694 2345 859 2419 curaverit,
888 2343 920 2404 id
944 2345 1028 2425 quod
1050 2344 1124 2404 fecit
1146 2345 1180 2404 H
1204 2353 1245 2406 15.
1255 2341 1279 2421 ¹)
1323 2345 1431 2404 inania

202 2495 208 2507 .
313 2451 436 2502 tantum
459 2445 586 2504 nomina
608 2447 751 2524 praefixit
774 2455 922 2506 externae
945 2447 1139 2526 aequalitatis
1163 2465 1279 2506 caussa.

400 2561 665 2643 Circumspicienti
688 2571 789 2623 autem
812 2566 986 2644 exemplum
1008 2563 1136 2645 aliquod
1160 2585 1176 2624 e
1199 2565 1291 2624 simili
1314 2583 1431 2643 genere

313 2665 444 2744 petitum
475 2665 523 2724 cui
543 2666 781 2725 Aristaeneteae
809 2668 1007 2746 paraphrasis
1030 2667 1108 2726 ratio
1133 2666 1318 2740 conferatur,
1340 2666 1431 2726 Phi-

313 2767 568 2826 lostratorum
589 2769 780 2846 imagines
796 2787 864 2828 sese
881 2769 1022 2828 offerunt.
1054 2787 1188 2849 namque
1204 2767 1315 2828 eodem
1330 2787 1431 2847 paene

314 2868 440 2928 artificio
476 2869 535 2928 usi'
561 2869 776 2930 Aristaenetus
802 2852 993 2929 Callimachi
1025 2870 1216 2950 Cydippam,
1251 2869 1432 2929 Philostrati

314 2970 469 3047 imagines
501 2989 695 3031 enarravere.
743 2979 776 3029 ut
802 2961 1019 3031 Aristaenetus
1051 2991 1263 3051 quaecumque
1292 2971 1333 3030 ad
1362 2991 1431 3050 per-

314 3090 407 3131 sonas
438 3069 631 3132 definiendas
659 3074 806 3152 locosque
836 3071 1057 3151 significandos
1091 3074 1284 3156 pertinerent
1317 3074 1433 3152 pariter

315 3173 424 3247 omisit,
436 3173 479 3232 ita
495 3173 540 3232 illi
555 3175 640 3253 ipsas
655 3175 812 3234 hominum
828 3193 989 3254 rerumque
1006 3174 1118 3233 formas
1135 3181 1166 3233 et
1179 3175 1432 3254 compositionem

314 3443 393 3493 floret
410 3441 461 3492 illa
478 3441 589 3507 puellae
607 3441 695 3492 instar
713 3458 737 3493 e.
749 3457 775 3508 q.
789 3457 810 3492 s.
836 3443 955 3507 denique
968 3447 1056 3492 restat
1069 3443 1342 3508 commemorandum,
1362 3444 1433 3508 quod

314 3529 344 3576 in
356 3526 495 3592 Agathiae
508 3526 601 3576 verbis
615 3526 690 3576 anth.
705 3526 736 3576 P.
748 3526 802 3576 Vll
820 3527 878 3590 583,
894 3529 907 3576 1
922 3512 947 3578 il
961 3519 1030 3593 βάλε
1042 3518 1112 3593 μηδ’
1128 3519 1259 3594 ἐγένοντο
1272 3520 1359 3594 γάμοι
1372 3529 1432 3577 imi-

314 3611 384 3662 tatio
402 3611 522 3662 tortasse
540 3611 614 3662 inest
632 3627 686 3661 non
704 3610 791 3662 solnm
811 3612 1019 3678 epigrammatis
1038 3612 1221 3664 Callimachei
1240 3613 1279 3676 1⁷,
1300 3602 1433 3679 ῙὬφελε

315 3687 385 3760 μηδ’
401 3686 530 3760 ἐγένοντο
549 3692 621 3746 θοαὶ
640 3689 715 3760 νέες,
735 3697 784 3747 sed
802 3699 888 3748 etiam
905 3697 1063 3747 hemistichi
1082 3697 1153 3762 quod
1170 3712 1243 3748 nuno
1262 3702 1303 3748 est
1316 3698 1369 3764 frg.
1382 3699 1433 3748 455

315 3766 335 3829 ἆ
359 3775 427 3844 βάλε
450 3772 521 3844 μηδ’
539 3771 695 3847 ἀβόλησαν.
733 3781 769 3833 cf.
787 3782 923 3832 Naekium
942 3772 1180 3848 Hec.p.156sq.
1212 3786 1242 3832 at
1263 3782 1316 3833 hoo
1339 3787 1369 3832 ut
1390 3784 1433 3833 ita

315 3865 364 3927 sit,
389 3863 555 3916 Callimachi
578 3866 634 3916 ista
657 3881 764 3932 quoqne
787 3867 873 3917 verba
896 3866 983 3917 facile
1001 3869 1031 3917 in
1050 3866 1257 3933 epigrammatis
1275 3865 1345 3932 legit
1362 3866 1433 3932 Aga·

315 3949 397 4000 thias.
434 3965 545 4014 quorum
573 3952 682 4016 quidem
710 3953 843 4002 maiorem
869 3966 930 4001 eum
953 3967 1034 4016 quam
1056 3967 1106 4002 nos
1133 3965 1274 4002 numerum
1301 3950 1432 4002 habuisse

315 4038 419 4085 certum
438 4037 487 4084 es‘t.

302 4161 305 4168 ·
384 4135 404 4200 ¹)
429 4137 468 4184 Et
489 4136 560 4186 haec
584 4136 729 4188 historiola
753 4141 781 4188 et
798 4138 812 4187 I
830 4139 846 4187 5
864 4137 952 4188 iustae
972 4109 1036 4187 sunt
1054 4134 1166 4188 fabulae
1179 4137 1358 4189 sMilesiacae.
1395 4137 1431 4188 cf.

308 4220 483 4286 Dunlopium
502 4219 668 4272 Gsschichte
688 4221 736 4271 der
748 4221 1005 4288 Prosadichtungen
1018 4221 1202 4288 nebertragen
1216 4225 1270 4275 eto.
1283 4237 1337 4272 von
1349 4221 1432 4271 Lieb·

316 4295 395 4356 recht
417 4322 444 4372 p.
467 4306 525 4356 194.
566 4297 688 4386 ceterum
710 4305 874 4356 Aeschineis
897 4322 1004 4372 quoqne
1027 4291 1157 4372 epistulis
1177 4304 1230 4370 (lo)
1257 4320 1314 4356 una
1336 4302 1415 4356 fabul

315 4389 464 4442 Milesiaca
480 4391 586 4442 inserta
602 4389 714 4456 legitur.
893 4404 896 4408 ·
