3254 5158
751 416 960 479 -40-

300 615 331 673 p.
356 602 404 656 66.
433 594 676 670 interpretantur
705 598 807 649 autem
835 586 961 668 vulgo¹)
990 589 1073 648 haud
1101 589 1345 668 improbabiliter
1373 590 1412 650 de
1493 639 1494 642 η

297 695 422 754 Helena
444 700 616 773 praeeunte
638 691 768 752 Lehrsio
791 692 812 750 l.
831 712 856 752 c.
880 699 973 770 atque
995 690 1146 770 probante
1169 711 1251 749 nunc
1272 692 1411 750 Nauckio

297 796 404 874 Eurip.
428 793 559 855 Studien
581 795 616 852 II
638 814 669 872 p.
693 802 758 866 159,
790 793 841 872 qui
870 801 1000 872 perapte
1027 792 1154 852 contulit
1175 812 1281 850 versus
1303 793 1410 871 Eurip.

298 893 413 955 'I'road
437 903 489 958 940
510 915 579 974 sqq.
603 895 646 952 ita
669 913 687 950 a
709 913 743 952 se
766 894 901 954 refictos:

425 979 496 1071 ἦλθ’
522 985 588 1071 οὐχὶ
610 985 720 1071 μικρὰν
742 981 816 1052 θεὸν
838 991 912 1070 ἔχων
934 981 1029 1052 αὑτοῦ
1049 989 1120 1070 μέτα

423 1085 440 1154 ὃ
463 1091 550 1172 τῆσδὲ
572 1087 688 1177 λῃστής,
712 1084 767 1152 εἴτ’
788 1082 982 1172 Ἀλέξανδρον
1003 1090 1104 1166 θέλεις

418 1189 547 1274 Ιὀνόματι
570 1199 757 1276 προσφωνεῖν
779 1213 828 1254 νιν
850 1189 906 1254 εἴτ’
929 1183 1085 1275 ἆλοὶσνορα.

300 1307 378 1376 eque
401 1298 448 1358 his
472 1299 615 1377 conlegit,
641 1298 860 1367 Callimachum
882 1299 987 1358 forsan
1009 1297 1182 1377 scripsisse:

998 1391 1061 1456 εἴθ’
1082 1390 1203 1471 Ἑλένην
1225 1386 1261 1472 δὴ

584 1497 643 1559 εἴτε
664 1522 717 1576 μιν
735 1489 875 1578 Ἀργείαν
896 1489 952 1577 χρὴ
972 1496 1088 1560 καλέειν
1108 1489 1211 1574 ἆοὶνην.

298 1626 330 1676 at
357 1619 390 1676 in
414 1621 517 1697 priore
546 1617 679 1679 membro
711 1619 834 1678 videtur
860 1619 979 1697 aliquid
1006 1617 1194 1678 reconditius
1218 1637 1253 1675 ac
1275 1616 1413 1676 subtilius

298 1719 407 1792 fuisse,
438 1720 486 1778 cui
513 1707 589 1792 doicq
617 1722 756 1780 similiter
786 1729 996 1800 opponeretur
1024 1728 1117 1798 atque
1144 1719 1208 1777 illic
1226 1708 1414 1789 Ἀλέξανδρος

297 1808 445 1896 ἀλάστορι.
489 1840 560 1878 nam
578 1807 770 1896 Ἀλέξανδρον
793 1829 912 1880 constat
936 1841 1003 1879 esse
1026 1826 1295 1899 propugnatorem.
1334 1828 1414 1877 oete-

297 1941 363 1978 rum
386 1922 424 1980 cf.
447 1920 635 1999 Aeschylum
657 1922 717 2000 Ag.
734 1931 785 1985 686
800 1942 869 2003 sqq.
893 1930 924 1981 et
945 1923 1045 2000 ipsum
1067 1922 1100 1979 in
1122 1919 1266 2003 ¹Helenae
1290 1918 1413 1977 nomine

297 2021 467 2081 ludentem.
520 2095 522 2099 ,

266 2193 272 2213 ‚
385 2122 572 2183 Callimacho
596 2125 687 2183 facile
712 2125 803 2184 etiam
831 2122 1019 2183 attribuendi
1041 2142 1148 2181 versus
1174 2129 1244 2180 sunt
1267 2123 1414 2199 anonymi

298 2232 411 2301 poetae
436 2234 527 2304 etym.
543 2246 582 2284 111.
599 2248 630 2305 p.
646 2234 707 2299 565,
731 2235 773 2299 45,
799 2245 875 2304 quos
896 2224 1071 2285 Meinekius
1095 2223 1187 2281 anall.
1203 2221 1295 2281 Alex.
1315 2243 1345 2300 p.
1368 2233 1415 2282 100

297 2324 429 2386 fortasse
451 2328 660 2406 Euphorionis
685 2347 753 2386 esse
776 2328 910 2386 censuit:

449 2416 502 2483 τὸν
523 2423 577 2507 μὲν
599 2425 650 2484 παὶ
673 2427 797 2500 Περσῆα
818 2419 1032 2502 μενεπλήϊσσαν
1049 2415 1178 2502 Ἀχαιοί,

450 2519 681 2598 advertendum
703 2524 809 2607 πέρσεν
831 2517 1005 2604 ἆπειρεσίοον
1026 2514 1206 2603 ἀνθρώπων.

381 2648 521 2706 Finitimi
543 2656 614 2707 sunt
636 2655 729 2726 atque
753 2646 831 2706 adeo
855 2646 970 2724 gemini
991 2644 1048 2704 sed
1064 2649 1175 2723 suapte
1191 2651 1300 2702 natura
1315 2644 1414 2701 minus

192 2813 194 2818 ¹
298 2748 402 2806 futiles
431 2756 558 2808 conatus
588 2748 815 2828 interpretandi
843 2748 896 2830 vel
923 2747 1107 2825 cognomina
1137 2745 1263 2804 deorum
1288 2744 1338 2802 vel
1360 2765 1413 2803 no·

297 2849 380 2906 mina
403 2849 544 2908 locorum.
573 2850 669 2909 veluti
691 2839 797 2908 verum
812 2857 906 2928 poeta
920 2847 1044 2906 videtur
1058 2846 1256 2926 perspexisse
1271 2847 1304 2903 in
1319 2845 1413 2904 Dian.

299 2959 358 3023 205,
376 2951 402 3008 si
419 2950 543 3029 quidem
560 2951 638 3010 haec
653 2971 716 3009 non
732 2969 816 3008 mera
832 2958 878 3008 est
893 2949 1111 3027 agnominatio.
1128 2937 1167 3005 cf.
1183 2947 1353 3005 Prellerum
1369 2967 1413 3024 gr.

297 3052 392 3130 myth.
409 3054 425 3110 I
440 3073 471 3130 p.
488 3061 539 3116 229
555 3073 610 3131 sq.,
627 3051 825 3110 Welckerum
841 3071 886 3128 gr.
903 3049 1035 3111 Gotterl.
1051 3049 1086 3107 II
1101 3070 1131 3127 p.
1146 3055 1199 3108 394
1214 3067 1261 3126 sq.
1294 3067 1353 3106 nec
1368 3047 1414 3105 in·

271 3149 274 3153 ’
299 3162 371 3232 epte
394 3173 507 3211 nomen
525 3152 645 3211 derivat
660 3152 732 3211 Deli
752 3152 872 3210 insulae
888 3151 920 3209 in
935 3150 1007 3210 Del.
1023 3158 1056 3211 51
1072 3169 1151 3228 sqq„
1169 3148 1277 3227 quibus
1293 3150 1414 3227 conspi-

297 3264 345 3312 rat
359 3254 426 3312 fere
441 3254 626 3312 Aristoteles
641 3252 723 3312 Plin.
740 3274 770 3311 11.
786 3253 816 3311 h.
832 3253 880 3312 IV
895 3260 928 3312 12
945 3248 1016 3330 (22).
1039 3250 1194 3309 infelicior
1211 3258 1258 3320 est
1272 3250 1304 3307 in
1320 3249 1414 3308 Dian.

301 3361 348 3415 197
358 3372 426 3431 sqq.
444 3352 483 3412 de
499 3355 603 3413 Diana
616 3355 777 3432 Dictynna
794 3353 959 3413 disserens.
976 3353 1015 3411 cf.
1031 3352 1202 3411 Prellerum
1216 3351 1236 3410 l.
1247 3368 1273 3408 c.
1289 3350 1306 3408 I
1322 3370 1353 3428 p.
1363 3357 1415 3410 242

298 3453 472 3512 Hoeckium
486 3455 585 3513 Krete
599 3456 634 3514 II
649 3476 679 3534 p.
698 3462 757 3517 167.
778 3455 838 3513 alia
852 3455 885 3512 in
901 3455 968 3513 Iov.
985 3459 1019 3514 44
1034 3472 1090 3531 sq.,
1106 3430 1139 3510 ih
1155 3451 1259 3529 Apoll.
1275 3458 1412 3523 99-103,

297 3555 330 3612 in
346 3555 417 3613 Del.
433 3563 468 3619 36
483 3575 561 3635 sqq,
583 3555 641 3633 frg.
658 3565 691 3620 32
709 3555 761 3634 (cf.
779 3554 815 3615 O.
832 3555 1014 3615 Muellerum
1035 3554 1175 3632 prolegg.
1192 3573 1222 3631 p.
1239 3552 1414 3614 157Ι101.Ι

298 3680 328 3738 p.
344 3663 396 3719 204
411 3678 468 3737 σο,
484 3657 652 3716 Prellerum
668 3658 688 3716 l.
705 3678 730 3716 c.
746 3658 763 3716 Ι
778 3678 809 3736 p.
825 3665 877 3717 220
892 3677 923 3714 n.
939 3653 979 3730 2),
996 3655 1054 3732 frg.
1071 3663 1138 3737 213,
1149 3673 1278 3732 quocum
1294 3653 1333 3711 cf.
1349 3653 1412 3710 He-

299 3759 379 3818 siodi
401 3761 460 3837 frg.
478 3758 560 3839 apud
577 3758 685 3837 Steph.
701 3761 779 3838 Byz.
795 3779 819 3818 s.
836 3778 865 3816 v.
883 3752 1095 3834 Παρθένιος).
1124 3762 1288 3833 praeterea
1310 3753 1413 3833 aliquo

189 3966 199 3982 .
366 3926 385 3990 ¹)
404 3926 520 3977 Mirifice
539 3925 684 3976 Heckerus
706 3925 725 3976 l.
745 3942 768 3977 c.
792 3925 826 3975 de
849 3929 927 3990 peste
946 3922 1056 3988 Argivis
1084 3921 1118 3971 ab
1139 3919 1267 3986 Apolline
1291 3920 1413 3970 immissa

214 4010 217 4017 ’
297 4011 444 4080 intellegit.

364 4096 388 4160 ²)
406 4097 521 4146 Versum
546 4094 618 4143 enim
640 4084 678 4152 ὣς
701 4083 794 4143 ἁπαλοὶ
817 4085 946 4157 προρὲων
968 4082 1005 4149 ὥς
1023 4081 1099 4157 ridor}
1117 4083 1266 4154 παρθένος
1285 4081 1340 4138 εἶσι
1359 4103 1413 4137 non

297 4182 430 4233 Partheni
449 4194 518 4239 esse,
538 4176 610 4243 quod
627 4177 785 4228 Meinekius
805 4176 887 4228 anall.
906 4175 985 4227 Alex.
1003 4193 1029 4241 p.
1049 4179 1098 4226 292
1117 4175 1274 4240 suspicatus
1293 4176 1344 4235 est,
1364 4172 1413 4222 sed

296 4266 427 4328 Hesiodi,
451 4267 591 4314 monstrat.
610 4269 690 4326 etym.
710 4279 744 4311 m.
764 4279 789 4326 p.
810 4263 856 4325 44,
875 4264 909 4313 35
927 4260 986 4312 cod.
1004 4261 1056 4310 Va.
1075 4258 1229 4310 addendum
1255 4257 1341 4322 igitur
1358 4256 1411 4306 hoc

218 4369 220 4372 ·
298 4351 348 4416 frg.
371 4366 430 4400 cum
450 4349 513 4400 aliis
532 4347 623 4398 multis
642 4346 862 4397 conlectionibus
879 4347 980 4396 nostris
999 4345 1213 4410 fragmentorum
1231 4341 1356 4392 Hesiodi.
