3254 5158
689 397 901 464 -65„.

234 595 298 634 non
313 573 384 653 ipsa
399 593 438 632 ex
454 571 594 633 Siduntis
607 571 690 632 urbis
706 574 836 633 Plistive
859 573 933 633 fluvi
954 576 1051 636 hortis
1075 583 1236 655 exportata
1257 588 1355 650 crant,

234 674 291 736 sed
305 674 447 734 arborum
461 694 560 752 genus
576 674 615 733 ad
632 693 699 733 eam
714 683 869 754 tamquam
883 677 1014 754 patriam
1036 677 1250 751 revocabatur,
1276 677 1355 756 qna'e

234 777 359 855 proprie
382 796 418 834 ao
440 777 580 855 primitus
602 776 672 834 illas
695 771 839 854 gigneret
861 778 912 836 vel
932 779 1101 855 genuisset.
1138 798 1209 836 nam
1232 777 1356 838 diversa

233 877 335 936 hercle
358 897 408 936 res
431 898 495 936 non
519 885 566 937 est
588 876 627 936 de
655 878 754 955 pomis
777 877 929 956 Cydoniis
958 879 1090 959 aliisque
1112 880 1281 958 permultis.
1316 880 1355 938 cf.

233 978 447 1038 Hermannum
474 979 589 1057 grioeh.
612 978 844 1039 Privatalterth.
868 975 887 1059 §
910 987 942 1054 3,
971 989 988 1043 9
1018 981 1125 1060 etqui
1152 980 1196 1040 ibi
1224 981 1357 1040 citantur

234 1078 340 1140 libros.
652 1099 654 1102 ·

318 1197 398 1257 'Pale
426 1199 518 1276 igitur
545 1217 667 1276 pomum
693 1187 807 1274 ἀπάτης
837 1191 914 1280 λόγῳ
941 1201 1121 1279 inscriptum
1142 1200 1300 1260 Acontius,
1316 1199 1356 1259 ad

235 1299 363 1358 nutricis
392 1298 491 1378 pedes
518 1318 618 1378 prope
642 1297 818 1379 Cydippam
847 1301 879 1358 in
908 1302 1024 1379 templo
1054 1302 1164 1362 stantis
1191 1303 1357 1382 provolvit.

236 1396 365 1460 Ovidius
387 1400 471 1459 XXI
496 1408 542 1463 ltt‘l
566 1420 635 1479 sqq.

386 1523 509 1576 mittitur
530 1525 598 1576 aute
614 1522 703 1592 pedes
724 1523 826 1576 malum
848 1539 911 1579 cam
933 1525 1056 1579 carmine
1078 1524 1131 1579 tali
1149 1554 1192 1563 -

428 1624 455 1678 ei
474 1623 553 1687 milii,
577 1624 669 1679 iurari
687 1639 763 1678 nuuc
784 1639 891 1697 quoquc
909 1639 1001 1695 paena
1022 1625 1090 1679 tibi!

385 1717 499 1780 sustulit
519 1724 571 1780 boc
593 1727 694 1779 nutrix
717 1725 875 1797 mirataque
896 1721 1041 1798 ‘perlepc'
1065 1725 1152 1795 discit,

427 1826 544 1880 insidias
565 1827 628 1898 lapi,
651 1840 750 1897 maana
766 1831 867 1897 poeta,
892 1832 966 1887 tuas,

184 1937 185 1945 ἵ
236 1976 314 2036 quae
337 1957 445 2017 videas
467 1960 536 2038 ipse
560 1979 619 2038 quo
642 1957 733 2016 modo
757 1959 881 2035 singula
902 1979 969 2018 eum
983 1956 1211 2018 Aristaenetois
1235 1937 1355 2019 coeant.

235 2058 361 2136 ambigit
382 2060 485 2118 nutrix
506 2081 579 2119 num
608 2060 770 2138 profanum
799 2059 911 2118 malum
933 2061 986 2135 sit,
1017 2059 1101 2141 quod
1124 2061 1171 2119 cui
1194 2061 1273 2119 forte
1295 2063 1354 2120 vir·

234 2160 352 2237 gisum,
384 2181 464 2241 quae
487 2162 577 2220 simul
606 2161 720 2220 adsunt
747 2161 779 2219 in
808 2161 940 2240 templo,
969 2181 987 2220 e
1016 2161 1085 2221 sinu
1108 2160 1285 2241 defluxerit,
1316 2182 1356 2220 an
1393 2208 1395 2214 .

236 2259 316 2320 deae
337 2263 377 2321 sit
399 2270 560 2322 sacratum.
591 2263 778 2342 compararis
795 2261 986 2322 Catullianos
1009 2283 1116 2322 versus
1130 2263 1221 2323 LXV
1236 2272 1355 2336 lit—24,

236 2381 312 2440 quos
327 2382 347 2420 a
363 2362 621 2442 praecedentibus
643 2372 727 2423 reete
750 2365 884 2423 seiunxit
906 2372 999 2444 atque
1016 2383 1033 2424 e
1050 2363 1260 2424 Callimachea
1282 2384 1356 2444 qua-

236 2462 306 2522 dam
322 2483 470 2543 expressa
486 2485 559 2524 esse·
571 2466 672 2543 elegia
686 2464 946 2544 perprobabiliter
957 2464 1091 2524 coniecit
1104 2461 1355 2542 Rossbachius¹):

386 2610 419 2658 ut
440 2604 554 2657 musam
574 2605 670 2674 sponsi
688 2601 830 2674 furtiva
851 2617 995 2658 munera
1014 2605 1141 2658 matam
1181 2671 1184 2676 Ι

424 2705 617 2774 procurrit
638 2708 734 2758 casto
755 2705 909 2776 cirpiuis
930 2717 946 2758 e
965 2705 1110 2774 premio,

386 2805 459 2876 quod
479 2801 720 2860 miscraa'otlitae
741 2805 816 2860 molli
835 2803 885 2858 sab
906 2809 982 2859 aesta
1003 2805 1140 2870 locatum,

430 2907 494 2962 ditm
516 2906 638 2962 aduentu
660 2908 760 2961 matris
775 2907 905 2978 prosilit,
929 2907 1089 2974 excutitur,

387 3013 472 3081 atqua
493 3008 562 3064 illud
576 3025 671 3080 prono
690 3021 830 3079 praeceps
851 3008 948 3079 aqitar
970 3007 1104 3074 decursa,

429 3109 496 3164 liuic
517 3115 612 3164 nraard
634 3111 705 3164 tristi
724 3109 853 3164 curiacius
874 3125 924 3164 arc
945 3109 1042 3164 rubor.

238 3243 276 3302 cf.
298 3243 426 3324 Prop.I
447 3243 473 3316 3',
497 3251 532 3304 23
553 3262 633 3322 sqq,
655 3241 972 3322 Aloiphr.frg.6,15,
995 3242 1096 3318 Long.
1117 3247 1198 3318 past.
1214 3240 1265 3298 ΙΙΙ
1280 3247 1323 3313 st,
1341 3250 1358 3302 3
1448 3303 1450 3306 .

238 3352 268 3403 et
295 3344 425 3404 Luciani
454 3343 708 3422 Aristaenctique
743 3344 813 3402 loca
846 3362 940 3421 supra
974 3343 1076 3401 allata.
1129 3359 1165 3400 ac
1199 3361 1357 3419 pomorum

238 3464 275 3504 aa
296 3445 477 3505 commercia
499 3445 613 3504 furtiva
640 3443 806 3505 admodum
834 3443 983 3503 credibile
1011 3451 1058 3502 est
1087 3461 1144 3521 per
1171 3442 1267 3502 festos
1290 3442 1357 3502 dies

236 3547 368 3606 maxime
391 3547 568 3626 frequentia
589 3546 741 3623 viguisse,
771 3544 855 3605 unde
885 3565 982 3624 prona
1008 3545 1112 3603 nutrix
1135 3552 1201 3603 erat
1221 3543 1303 3602 banc
1323 3546 1356 3603 in

304 3748 324 3810 1)
342 3747 431 3799 Nihili
450 3752 527 3809 sunt,
547 3734 616 3813 quae
636 3753 734 3798 eontra
752 3747 877 3812 disputat
894 3745 1056 3796 Schwabius
1074 3746 1104 3792 iu
1123 3743 1201 3806 libro,
1221 3745 1267 3808 qui
1285 3744 1358 3794 inter

237 3832 410 3882 scribendum
428 3833 496 3882 mihi
514 3830 638 3895 affertur,
657 3835 776 3897 quaesit.
795 3829 896 3882 Catuli.
915 3829 929 3878 I
946 3846 973 3894 p.
990 3831 1049 3878 273.
1068 3843 1131 3877 nam
1150 3843 1211 3878 cum
1230 3828 1357 3879 Catullus

237 3919 379 3966 carmina
395 3915 538 3967 Battiadae
557 3931 684 3981 expressa
701 3916 845 3981 promittat
863 3912 949 3977 (va
968 3913 1019 3976 16),
1037 3928 1121 3962 unum
1140 3911 1204 3962 dein
1221 3913 1356 3977 praebea-

236 4005 281 4050 tur
293 4000 512 4052 Callimacbeum
532 4016 650 4062 carmen,
670 4015 751 4066 porro
769 4015 829 4049 cum
842 4014 867 4048 v.
882 3999 990 4060 19-24,
1011 3998 1035 4048 si
1049 3997 1265 4064 adiungerentur
1276 4013 1356 4063 prae·

236 4084 408 4146 cedentibus,
427 4087 512 4136 nimio
530 4085 657 4152 profecto
674 4084 794 4152 pondere
812 4097 962 4150 parumque
973 4087 1048 4150 apta
1067 4084 1189 4148 imagine
1204 4082 1356 4147 simplicem

237 4169 420 4221 obliviscendi
439 4171 579 4221 notionem
598 4170 788 4234 inlustrarent,
806 4167 1002 4234 perprobabile
1021 4172 1077 4230 est,
1096 4169 1125 4216 iu
1144 4166 1241 4216 codice
1260 4165 1355 4214 archc-

235 4258 301 4320 typo
319 4255 392 4304 inter
410 4271 436 4308 v.
449 4256 481 4304 18
495 4260 524 4305 et
537 4257 569 4305 19
587 4270 668 4304 uuam
688 4254 863 4305 intercidisse
882 4252 1010 4304 foliorum
1030 4266 1200 4316 compagem.
1236 4253 1319 4312 atque
1333 4249 1356 4295 is

236 4338 319 4402 plesse
337 4338 446 4393 illorum
464 4354 591 4390 versuum
611 4340 687 4390 color
706 4345 759 4402 est,
777 4343 809 4388 ut
826 4355 841 4389 e
861 4338 978 4390 Graecis
995 4336 1143 4388 videantur
1161 4332 1294 4398 expressi.

270 4439 408 4487 urrunnu,
429 4439 542 4474 carram.
1134 4415 1155 4480 5
