3254 5158
757 429 966 491 ,12-

305 606 365 664 ista
386 624 509 684 prorsus
531 605 669 683 ineptum
692 622 820 662 acumen
843 603 935 676 effici,
960 623 1026 662 cum
1048 604 1229 682 praesertim
1248 602 1420 662 Hesiodum

306 714 466 786 poetarum
493 705 630 764 iudicare
661 705 796 764 infimum
823 705 878 764 vix
905 706 1045 784 cuiquam
1067 707 1100 763 in
1122 713 1257 764 mentem
1278 724 1420 784 umquam

305 807 449 866 venerit?
471 828 562 886 porro
585 807 611 865 si
634 799 697 862 τὸν
720 795 847 863 dosddv
871 801 990 882 ἔσχατον
1013 815 1044 866 et
1065 793 1097 862 τὸ
1121 799 1326 882 μελιχρότατον
1348 805 1421 863 τῶν

306 903 420 966 ἐπέων
443 909 482 968 de
506 907 617 967 eodem
639 909 772 967 camnine
797 905 909 966 dictum
932 916 992 982 est,
1024 927 1076 967 cur
1097 909 1180 987 prius
1208 908 1285 967 illud
1306 909 1421 987 repeti-

306 1013 392 1070 tione
415 1012 551 1069 variatur
572 1019 635 1068 tam
657 1010 786 1068 moleste
810 1017 934 1088 tamque
959 1009 1056 1068 dure?
1088 1016 1214 1068 atvero
1238 1010 1305 1068 sine
1328 1009 1420 1068 dubio

307 1133 371 1171 non
399 1111 575 1170 Hesiodo
604 1112 770 1190 opponitur
798 1110 967 1185 Hesiodus
1004 1110 1061 1169 sed
1089 1111 1265 1170 Homero.
1314 1111 1422 1170 horum

309 1214 390 1272 enirn
418 1221 517 1272 utrum
541 1212 709 1271 aemulatus
738 1213 778 1271 sit
800 1211 912 1270 Aratus
941 1213 1067 1292 antiquo
1095 1221 1234 1290 tempore
1262 1233 1358 1292 saepe
1386 1233 1422 1271 ac

306 1315 433 1373 multum
445 1322 601 1373 ¹certatum
626 1334 708 1388 esse,
734 1314 914 1392 conligimus
932 1333 948 1372 e
965 1312 1096 1372 diversis
1119 1312 1309 1372 diversorum
1324 1335 1419 1392 gram·

306 1417 484 1475 maticorum
505 1416 563 1474 hac
586 1415 625 1474 de
647 1435 681 1474 re
703 1415 839 1488 iudiciis,
869 1435 948 1495 quae
973 1415 1007 1473 in
1036 1415 1106 1473 vitis
1128 1413 1216 1474 Arati
1244 1417 1358 1475 insunt.
1382 1418 1420 1474 cf.

308 1517 517 1595 Sengebusch.
549 1517 621 1576 diss.
650 1517 740 1575 Hom.
769 1516 785 1574 Ι
813 1536 844 1594 p.
874 1524 908 1578 63
936 1537 983 1597 sq.
1026 1516 1108 1576 hanc
1134 1517 1421 1595 interpretationem

307 1639 373 1677 cum
396 1605 674 1691 certam'arbitrer,
699 1637 735 1676 eo
759 1616 895 1677 adducor
917 1627 950 1678 ut
972 1614 1092 1694 ἔσχατον
1116 1627 1289 1698 corruptum
1308 1628 1421 1698 putem.

307 1741 366 1778 nec
387 1719 487 1778 habeo
511 1721 543 1777 in
566 1719 724 1798 praesenti
756 1719 839 1797 quod
868 1720 964 1798 magis
995 1721 1117 1798 placeat
1147 1739 1238 1798 quam
1260 1715 1421 1794 θέσφατον.

307 1822 350 1880 ita
372 1819 514 1899 procedit
536 1821 695 1898 aptissima
717 1822 889 1878 sententia:
914 1820 1059 1880 ‘Hesiodi
1083 1841 1122 1880 en
1141 1829 1172 1878 et
1186 1822 1329 1880 materies
1343 1816 1367 1898 ¹)
1393 1830 1423 1879 et

308 1923 400 1981 color.
430 1941 541 1980 vereor
563 1941 604 1978 ne
623 1919 737 1979 Aratus
760 1941 823 1979 non
846 1921 931 1979 illum
955 1920 1102 1981 divinitus
1124 1923 1290 1982 immissum
1311 1931 1421 1997 vatem,

308 2023 364 2083 sed
386 2021 517 2082 Hesiodi
539 2023 640 2101 potius
665 2020 871 2080 dulcissimum
893 2042 969 2101 epos
991 2024 1125 2083 imitatus
1149 2025 1212 2083 sit’.
1245 2024 1289 2083 ita
1305 2025 1423 2106 ¹acumi-

308 2127 355 2184 nis
384 2125 487 2183 omnia
515 2124 611 2201 plena
640 2131 671 2182 et
699 2124 886 2202 epigramma
912 2143 986 2184 vere
1016 2124 1264 2184 Callimacheum.
1287 2127 1423 2186 Homero

306 2213 400 2308 ἀοιδῷ
423 2232 620 2304 opponuntur
642 2225 802 2284 Hesiodea
825 2245 919 2305 opera
942 2234 973 2284 ct
996 2225 1062 2284 dies
1085 2235 1119 2286 ut
1140 2222 1212 2301 ἔπη,
1235 2227 1281 2285 illi
1305 2226 1422 2306 epithe-

307 2339 363 2387 ton
394 2329 523 2406 petitum
552 2347 590 2385 ex
616 2325 768 2385 tralaticia
796 2327 892 2401 fama,
927 2327 997 2386 huic
1025 2347 1042 2386 e
1071 2329 1196 2408 propria
1227 2346 1282 2387 sna
1310 2329 1423 2388 virtute

309 2429 440 2506 poetica.
465 2447 543 2506 quae
568 2427 703 2508 denique
720 2435 856 2487 extremo
873 2429 1092 2506 epigrammate
1108 2430 1141 2487 in
1156 2429 1272 2488 Arateo
1289 2432 1423 2490 carmine

309 2530 490 2588 nominatim
512 2530 744 2608 praedicantur,
767 2540 861 2590 tenue
884 2541 1058 2611 tersumque
1082 2551 1179 2609 genus
1202 2539 1295 2611 atque
1319 2531 1423 2590 elabo-

309 2640 376 2690 rata
398 2651 446 2690 ars
459 2627 501 2708 ²),
526 2651 563 2690 ea
579 2632 671 2691 facile
693 2633 843 2711 perspicis
861 2631 1080 2692 Callimachum
1094 2633 1229 2693 Homero
1246 2633 1424 2712 abrogatum

376 2833 398 2899 ¹)
417 2836 461 2885 Ita
480 2822 583 2900 ἄεισμα
601 2834 776 2899 interpretor.
812 2833 952 2900 respicere
972 2837 1062 2885 autem
1081 2833 1269 2884 Callimachus
1287 2837 1378 2898 potest
1397 2839 1425 2884 et

308 2910 502 2985 ἀστρονομίαν
519 2919 641 2970 Hesiodo
665 2919 832 2982 adscriptam
856 2923 884 2968 et
908 2912 986 2983 dopo.
1022 2935 1134 2984 quorum
1156 2919 1229 2968 haec
1251 2919 1312 2970 sola
1335 2920 1425 2969 notari

311 3006 410 3055 statuit
427 3003 675 3054 Marchscheffelus
692 3003 758 3054 Hes.
778 3004 849 3068 frgg.
870 3020 895 3068 p.
916 3004 972 3054 195.

375 3087 396 3151 ²)
416 3090 477 3138 Hoc
500 3089 573 3138 enim
596 3088 713 3136 consilio
731 3087 849 3136 Arateus
871 3086 944 3135 liber
966 3086 1066 3135 dicitur
1088 3080 1230 3153 σύμβολον
1253 3078 1423 3154 sysemerae.

310 3173 379 3237 quod
410 3187 464 3220 non
487 3175 631 3221 assecutus
655 3171 773 3234 scriptor
795 3170 871 3218 vitae
900 3185 969 3233 quae
994 3172 1079 3220 tertia
1102 3177 1144 3222 est
1166 3173 1328 3222 Aratearum
1352 3174 1425 3238 apud

308 3259 548 3306 Wcstermannum
571 3255 640 3303 dicit
657 3271 683 3319 p.
703 3255 748 3303 59:
772 3243 829 3318 ἤδη
847 3251 896 3304 καὶ
915 3244 930 3303 ὁ
949 3254 1131 3321 Καλλίμαχος
1155 3257 1328 3322 συνεγγίζων
1346 3249 1425 3322 αὐτῷ

308 3333 382 3390 κατὰ
405 3332 471 3396 τοὺς
494 3331 612 3403 χρόνους
629 3335 679 3388 τοῦ
698 3327 813 3401 Ἀράτου
831 3329 968 3403 σύγγονος
991 3331 1153 3404 α’γρυπνίης
1178 3335 1304 3405 τὴντῶν
1323 3357 1424 3404 φαινο-

308 3419 402 3488 μένων
421 3421 550 3486 θεωρίαν
575 3414 635 3472 διὰ
658 3413 720 3484 τὴν
737 3415 983 3488 παρατήρησίν
1001 3439 1091 3492 φησιν
1109 3429 1210 3489 (φησιν
1229 3441 1244 3474 e
1263 3425 1424 3474 coniectura

308 3513 383 3558 recte
403 3508 480 3558 addit
491 3505 739 3569 Westermaunus).
775 3506 872 3558 melius
885 3507 1085 3560 Callimachum
1097 3508 1235 3558 intellexit
1248 3508 1337 3556 Cinna
1351 3506 1423 3572 apud

307 3594 440 3645 Isidorum
459 3594 496 3643 VI
515 3594 558 3641 12:
1062 3584 1064 3588 ’

495 3677 574 3726 Haec
594 3675 645 3726 tibi
663 3676 774 3728 Arateis
792 3677 904 3728 multum
922 3679 1041 3743 vigilata
1059 3677 1180 3727 lucernis

529 3761 660 3824 carmina,
680 3763 741 3826 quis
759 3763 839 3828 ignes
858 3779 881 3814 e.
901 3779 928 3827 q.
946 3778 968 3812 s.

308 3863 356 3913 ubi
374 3879 400 3912 v.
420 3865 433 3912 1
452 3852 572 3914 'fortasse
586 3863 759 3914 scribendum
779 3865 831 3914 erit
848 3865 974 3928 evipilata
993 3878 1053 3912 cum
1066 3839 1131 3912 libii
1148 3863 1272 3915 habeant
1284 3866 1424 3930 incipiloto.

308 3964 371 3998 nam
391 3948 460 3998 Stat.
473 3947 542 3999 silv.
559 3949 598 3998 IV
615 3950 639 4011 6,
659 3950 692 3998 25
710 3953 738 3999 et
754 3950 838 4015 Verg.
859 3947 912 3998 Cir.
931 3949 965 3997 46
989 3946 1036 4008 (cf.
1056 3947 1245 4000 Weichertum
1266 3954 1351 4016 poett.
1373 3948 1423 3998 lat.

308 4051 334 4100 p.
349 4031 408 4097 195)
426 4033 474 4082 ubi
487 4035 530 4082 est
547 4035 644 4083 maritam
661 4036 764 4098 vipilata
776 4034 816 4083 nil
828 4034 952 4098 probant,
973 4031 1099 4096 quoniam
1115 4038 1143 4084 et
1160 4037 1269 4085 omnino
1282 4013 1425 4084 vaiiantur

232 4138 260 4162 ·.
307 4117 377 4166 talia
389 4104 523 4166 imitando
542 4121 570 4166 et
587 4119 752 4182 posteriores
780 4122 880 4183 poetae
899 4117 1060 4183 diligentius
1080 4126 1180 4170 cavent
1199 4120 1233 4169 ab
1253 4115 1424 4168 elisionibus.

309 4202 359 4252 Or.
380 4203 451 4252 t'rist.
470 4204 484 4252 I
503 4204 524 4259 1,
545 4203 606 4252 108:
632 4220 694 4268 quos
715 4205 824 4252 stodiam
846 4211 948 4253 cunctos
971 4204 1097 4266 evipilooit
1118 4206 1191 4253 idem.
1228 4204 1350 4252 ceterum
1367 4201 1423 4251 He·

309 4286 387 4350 dylus
406 4302 512 4352 quoque
534 4287 610 4336 anth.
628 4289 658 4340 P.
679 4286 796 4352 append.
815 4289 862 4348 33,
880 4289 895 4335 2
913 4279 1012 4345 λεπτός
1032 4291 1060 4337 et
1077 4277 1206 4351 μελιχρός
1230 4283 1369 4336 adiectiva
1390 4285 1424 4334 de

309 4371 386 4435 poesi
405 4372 500 4420 iuncta
519 4371 653 4419 adhibuit.
