3254 5158
738 403 948 466 „10-

289 576 467 654 Creophylo
492 595 528 635 eo
556 575 707 650 habitum,
740 575 823 656 quod
852 577 948 655 ipsius
977 576 1103 635 carmini
1133 595 1246 634 nomen
1272 575 1401 635 Homeri

287 679 509 757 praescriptum
531 677 699 754 legeretur,
724 698 830 736 nonne
852 677 1004 737 concedes
1027 679 1110 736 miris
1133 670 1233 736 modis¹
1252 678 1400 754 languere

288 789 319 839 et
341 779 477 858 frigere?
520 799 625 838 nonne
655 779 823 858 anticipato
845 781 973 858 insuper
996 779 1166 858 Creophyli
1188 778 1312 837 nomine
1336 779 1400 837 effi-

288 883 378 954 citur,
402 890 435 939 ut
456 882 534 939 haec
556 880 623 938 fere
645 881 802 940 sententia
824 883 996 959 perluceat:
1021 883 1148 959 ‘poetae
1168 889 1231 938 tam
1244 880 1399 953 mediocri,

289 983 388 1062 qualis
411 989 458 1040 est
481 981 690 1060 Creophylus,
715 982 767 1040 vel
789 983 847 1062 hoc
870 982 986 1062 aliquid
1008 983 1134 1041 honoris
1157 979 1288 1041 habet'?

371 1082 414 1141 At
430 1083 511 1141 enim
533 1083 746 1156 concedamus,
769 1084 846 1143 haec
861 1084 904 1142 ita
919 1103 988 1143 esse
1005 1091 1195 1163 comparata,
1218 1091 1252 1142 ut
1267 1082 1401 1163 aliquam

286 1183 423 1244 habeant
445 1183 668 1262 probabilitatis
691 1186 840 1264 speciem,
865 1193 928 1244 non
951 1183 1160 1264 persuadeant
1175 1186 1309 1264 penitus.
1340 1185 1401 1244 alia

287 1286 412 1346 suntin
434 1276 586 1365 promptu.
740 1363 742 1366 Ι

370 1389 516 1449 Fortasse
550 1387 768 1463 Callimachus,
810 1409 900 1468 quem
932 1386 1100 1447 Oechaliae
1140 1389 1400 1467 expugnationem

288 1489 465 1570 Creophylo
489 1491 665 1568 assignasse
687 1490 836 1564 vidimus,
866 1489 1066 1550 Aristotelem
1087 1498 1120 1549 ut
1142 1491 1217 1548 alias
1232 1487 1256 1566 ¹)
1280 1498 1400 1548 secutus

288 1592 340 1670 (cf.
371 1591 581 1670 Sengebusch.
613 1591 733 1652 dissert.
762 1593 853 1652 Hom.
883 1595 899 1651 I
927 1613 958 1672 p.
987 1589 1035 1668 70)
1066 1590 1199 1651 Iliadem
1227 1589 1401 1670 Odysseam

286 1695 511 1773 Margitamque
544 1693 649 1753 tribuit
675 1695 810 1754 Homero
840 1714 944 1773 neque
974 1695 1136 1773 quicquam
1162 1694 1252 1752 ultra.
1297 1713 1332 1751 ac
1362 1693 1400 1750 de

287 1795 420 1872 Margita
442 1795 505 1872 egit
527 1795 559 1852 in
583 1795 686 1873 aliquo
710 1796 929 1873 epigrammate
952 1795 1132 1872 deperdito,
1158 1793 1241 1874 quod
1264 1795 1400 1853 testimo-

287 1897 339 1956 nio
369 1903 490 1954 constat
519 1893 619 1955 adhuc
646 1896 789 1974 neglecto
811 1897 949 1955 Eustrati
977 1895 1017 1954 ad
1040 1895 1168 1954 Aristot.
1199 1895 1259 1954 eth.
1282 1897 1399 1954 Nicom.

287 1999 333 2059 VI
355 2005 386 2060 7:
410 1988 538 2074 παροῖγει
561 1992 588 2053 d'
614 1993 654 2066 εἰς
676 1997 806 2074 μαρτνρί
942 2043 948 2055 ,
965 1996 1085 2072 ποίησιν
1108 1995 1310 2075 Μαργίτην
1334 1986 1400 2054 ὀνο-

287 2093 453 2176 μαζομένην
471 2086 614 2174 Ὁμήρου·
637 2091 815 2174 μνημονεύει
838 2089 866 2156 d’
884 2086 977 2173 αὐτῆς
999 2088 1035 2157 οὐ
1056 2091 1149 2174 μόνον
1169 2087 1258 2169 αὐτὸς
1269 2085 1399 2176 Ἀριστο-

287 2199 370 2276 τέίης
399 2194 431 2257 ἓν
459 2199 502 2280 τῷ
524 2193 632 2281 πρώτῳ
662 2197 731 2277 περὶ
761 2190 950 2276 ποιημάτων,
982 2189 1058 2259 ἄλλα
1086 2195 1136 2258 καί
1155 2187 1322 2277 Ἀρχίλοχος
1350 2197 1402 2258 καὶ

287 2305 434 2379 Κρατῖνος
463 2297 512 2359 καὶ
541 2300 775 2378 Καλλίμαχος
804 2297 842 2360 ἕν
869 2304 946 2372 τοῖς
974 2291 1258 2379 ἐπιγράμμασιν
1279 2304 1400 2378 ’μαρτυ-

288 2393 534 2483 ροῦσινὋμήρου
548 2395 624 2461 εἶναι
645 2392 677 2460 τό
700 2403 821 2480 ποίημα.
855 2405 895 2463 ed
918 2405 976 2463 hoc
997 2405 1090 2481 igitur
1112 2405 1299 2483 epigramma
1313 2423 1400 2462 revo-

288 2507 418 2566 candum
442 2507 499 2565 erit
515 2504 692 2566 Callimachi
709 2506 766 2584 frg.
783 2514 834 2569 389
846 2501 872 2582 2)
895 2504 1007 2564 tabulis
1030 2506 1185 2564 litterariis
1199 2513 1400 2584 praepostere

287 2608 475 2669 vindicatum
483 2603 519 2683 ³),
537 2607 619 2686 quod
636 2615 682 2666 est
698 2606 780 2687 apud
796 2607 1074 2687 Harpocrationem
1085 2627 1110 2666 s.
1122 2627 1151 2665 v.
1170 2606 1323 2684 Μαργίτης
1326 2651 1398 2665 .....

287 2704 413 2768 ἐκάλουν
435 2705 467 2768 dl·
488 2698 557 2780 τούς
578 2695 723 2783 τἰνοητοας
745 2701 823 2768 οὕτω
846 2698 895 2768 drd
917 2697 970 2767 τὸν
984 2700 1166 2786 εἰς’Όμηρον
1179 2698 1402 2784 ἀναφερόμενον

287 2810 463 2890 Μαργίτην,
485 2800 555 2887 ὅπερ
577 2809 690 2888 ποίημα
712 2810 896 2889 Καλλίμαχος
917 2801 1083 2887 θαυμάζειν
1105 2806 1211 2868 ἔοικεν.
1249 2809 1323 2889 quid
1345 2811 1400 2887 igi·

286 2924 334 2974 tur
353 2916 411 2974 hoc
427 2935 496 2974 esse
513 2913 611 2987 dices,
637 2914 720 2993 quod
743 2935 806 2974 non
829 2916 928 2973 minus
951 2914 1118 2992 ancipitem
1140 2919 1307 2971 tenuerunt
1322 2913 1400 2969 Har-

286 3017 497 3096 pocrationem
519 3015 685 3091 Margitae,
716 3035 806 3094 quarn
828 3016 1025 3074 Welckerum
1048 3013 1216 3072 Oechaliae
1244 3031 1399 3092 expugna-

285 3119 377 3176 tionis
399 3115 530 3175 laudes?
562 3116 676 3173 etenim
697 3135 738 3174 ne
760 3116 964 3193 Harpocratio
989 3115 1126 3193 quidem,
1157 3124 1261 3174 auctor
1288 3115 1399 3194 gravia

286 3219 354 3277 sine
378 3217 527 3275 cautionis
550 3235 586 3273 ac
609 3213 804 3274 diffidentiae
827 3225 901 3274 nota
923 3215 1019 3274 refert
1042 3215 1081 3274 de
1105 3215 1284 3275 Callimachi
1307 3217 1400 3275 admi·
1439 3267 1442 3272 ,

285 3319 407 3376 ratione
428 3317 590 3393 Margitae.
634 3315 668 3375 id
691 3317 717 3374 si
739 3317 779 3375 ad
801 3317 900 3395 ipsam
928 3316 1028 3376 laudis
1058 3317 1287 3395 ambiguitatem
1309 3319 1398 3392 redit,

287 3417 370 3500 quod
393 3439 483 3498 quam
506 3417 635 3476 maxime
658 3417 781 3477 videtur
803 3417 975 3497 probabile,
998 3420 1057 3478 hoc
1080 3403 1203 3498 quidem
1227 3417 1400 3479 eonceden-

287 3521 358 3580 dum
381 3521 452 3594 erit,
476 3520 695 3599 pereleganter
710 3528 803 3600 atque
821 3520 940 3580 erudite
956 3522 1056 3598 egisse
1073 3521 1293 3600 Cyrenensem,
1318 3521 1400 3600 quod

285 3624 318 3681 in
340 3623 387 3681 his
409 3623 520 3695 titulis,
546 3620 654 3701 quibus
678 3621 822 3681 librorum
844 3631 1024 3700 argumenta
1047 3631 1078 3682 et
1098 3641 1214 3700 genera
1231 3643 1320 3702 quarn
1335 3624 1401 3682 fieri

285 3732 407 3803 poterat
428 3723 609 3782 brevissime
633 3733 720 3782 erant
745 3723 962 3796 describenda,
993 3726 1146 3803 spreverit
1167 3723 1332 3803 pinguibus
1355 3723 1400 3781 vi·

285 3826 413 3904 tuperiis
429 3826 461 3883 in
477 3834 601 3904 poetam
615 3825 722 3886 invehi
735 3827 879 3886 ‘omnium
900 3827 1104 3886 veneratione
1126 3826 1292 3899 sancitum,
1317 3825 1399 3883 dele-

353 4024 373 4088 ¹)
394 4026 430 4076 cf.
449 4025 695 4091 Schneidewinnm,
714 4027 856 4080 Heraclid.
874 4027 952 4094 polit.
970 4045 996 4093 p.
1010 4029 1051 4090 67,
1072 4027 1105 4077 Ο.
1125 4025 1319 4078 Schneiderum
1339 4039 1398 4089 pro-

287 4112 361 4176 legg.
380 4110 409 4159 in
428 4109 535 4163 Callim.
556 4115 611 4160 aet.
629 4129 656 4176 p.
676 4114 700 4161 9.

352 4194 374 4259 ²)
393 4194 437 4246 Cf.
456 4178 632 4245 Welckerum
650 4195 689 4248 kl.
710 4195 786 4246 Schr.
805 4198 844 4247 IV
861 4214 887 4261 p.
907 4201 921 4248 7
940 4214 966 4248 n.

351 4281 373 4344 ³)
391 4283 423 4332 V.
437 4279 628 4332 Ruhnkeninm
643 4281 677 4330 ad
690 4279 799 4330 Gallim.
817 4297 844 4344 p.
857 4282 907 4331 440
919 4282 984 4331 Ern.
999 4287 1027 4331 et
1044 4282 1079 4332 ad
1096 4282 1147 4346 frg.
1161 4281 1218 4342 389,
1239 4279 1270 4333 O.
1283 4279 1399 4330 Wachs-

284 4366 416 4417 muthiurn
436 4365 528 4433 philol.
547 4366 622 4416 XVI.
640 4382 666 4431 p.
685 4367 742 4416 660.
