3284 5158
661 379 895 444 -143—

293 556 326 613 in
349 561 442 632 eaput
465 573 484 611 a
505 560 643 612 nostrum
667 553 810 634 dominae
832 554 981 632 periuria,
1006 571 1138 633 quaeso,

336 656 499 715 eveniant!
523 675 628 735 poena
648 663 715 714 tuta
737 655 777 714 sit
798 655 852 714 illa
874 657 957 714 mea!

294 777 335 816 ne
358 765 462 816 tamen
484 759 626 835 ignorem
648 756 724 836 quid
747 776 836 834 agas,
861 755 899 814 ad
925 757 1032 814 limina
1053 754 1159 815 crebro

226 867 275 922 130
340 861 450 918 anxius
472 859 532 917 huc
553 859 626 917 illuc
649 856 877 917 dissimulanter
901 877 954 916 eo:

294 959 467 1039 subsequor
489 960 632 1018 ancillam
655 959 757 1018 furtim
780 959 987 1039 famulumque
1010 960 1188 1037 requirens,

336 1061 511 1140 profuerint
532 1061 632 1121 somni
656 1059 731 1139 quid
752 1059 808 1120 tibi
832 1059 946 1140 quidve
970 1059 1039 1118 cibi.

293 1183 342 1222 me
364 1165 522 1237 miserum,
547 1162 631 1242 quod
653 1182 717 1220 non
740 1161 926 1221 medicorum
947 1163 1030 1221 iussa
1051 1161 1191 1222 ministro

336 1265 514 1343 effingoque
536 1283 644 1323 manus
666 1263 851 1343 insideoquo
872 1266 954 1324 toro!

224 1375 274 1429 135
298 1375 329 1425 et
350 1385 453 1426 rursus
475 1366 631 1438 miserum,
657 1364 740 1444 quod
762 1375 811 1424 me
832 1365 940 1444 procul
961 1364 1036 1424 inde
1058 1375 1174 1425 remoto

337 1487 428 1546 quem
449 1467 574 1526 minime
596 1467 689 1526 velim
713 1467 842 1527 forsitan
866 1467 943 1525 alter
966 1466 1068 1526 adest!

293 1569 346 1628 ille
368 1589 476 1628 manus
498 1571 574 1628 istas
598 1567 719 1645 effingit
741 1576 772 1627 et
794 1568 918 1628 adsidet
940 1589 1068 1646 aegrae,

337 1671 457 1730 invisus
479 1672 599 1749 superis
622 1689 689 1729 cum
711 1671 894 1750 superisque
916 1671 1005 1744 mihi,

294 1772 427 1851 dumque
450 1792 505 1832 suo
528 1779 659 1851 temptat
680 1772 843 1831 salientem
865 1772 978 1850 pollice
1001 1792 1126 1845 venam,

226 1881 275 1935 140
339 1872 474 1932 candida
496 1893 553 1952 per
575 1893 697 1933 causam
719 1873 845 1932 brachia
866 1893 961 1953 saepe
984 1882 1080 1948 tenet,

295 1983 526 2054 contrectatque
548 1976 633 2035 sinus
658 1984 688 2034 st
710 1976 838 2036 forsitan
862 1977 965 2035 oscula
987 1976 1101 2054 iungit:

337 2077 438 2136 officio
460 2095 575 2136 merces
598 2077 721 2155 plenior
742 2078 802 2136 ista
823 2087 917 2138 suost.

296 2179 363 2256 quis
386 2178 443 2238 tibi
464 2180 604 2257 permisit
625 2187 747 2239 nostras
770 2199 975 2260 praecerpere
998 2180 1138 2240 messes?

337 2279 376 2339 ad
400 2300 472 2359 spes
493 2280 619 2340 alterius
643 2281 711 2360 quis
734 2279 789 2339 tibi
812 2281 886 2340 fecit
907 2281 987 2340 iter?

226 2389 275 2443 145
298 2382 357 2440 iste
380 2381 466 2441 sinus
488 2403 574 2441 meus
598 2391 659 2456 est,
683 2402 752 2441 mea
773 2383 904 2461 turpiter
926 2385 1030 2444 oscula
1052 2385 1160 2444 sumis:

337 2502 355 2540 a
377 2483 450 2543 mihi
472 2486 622 2563 promisso
646 2503 775 2563 corpore
797 2485 871 2544 tolle
893 2487 1017 2544 manus!

297 2581 461 2664 [improbe,
485 2586 560 2645 tolle
582 2588 704 2645 manus!
736 2605 828 2666 quam
848 2587 966 2664 tangis,
991 2596 1098 2645 nostra
1120 2587 1268 2646 futurast:

336 2686 501 2767 postmodo
524 2687 550 2746 si
573 2687 669 2748 facies
692 2688 788 2762 istud,
813 2686 934 2747 adulter
956 2687 1026 2746 eris.

297 2788 378 2867 elige
403 2788 441 2847 de
465 2790 586 2862 vacuis,
612 2809 702 2868 quam
724 2810 788 2848 non
810 2788 869 2849 sibi
891 2788 1030 2848 vindicet
1052 2790 1145 2849 alter:

226 2900 277 2951 150
341 2890 367 2950 si
389 2892 506 2964 neseis,
531 2891 685 2951 domiuum
708 2911 758 2950 res
780 2890 875 2950 habet
896 2891 956 2950 ista
978 2893 1074 2950 suum.

295 3011 355 3051 nec
376 2993 450 3050 mihi
472 2990 657 3067 credideris,
681 2995 826 3053 recitetur
847 2993 975 3052 formula
997 2994 1095 3072 pacti,

292 3236 317 3272 v.
332 3221 380 3270 127
398 3222 424 3268 iu
442 3227 519 3285 eaput
536 3226 649 3270 nostrum
665 3220 718 3282 Pl,
737 3222 812 3285 inque
830 3227 908 3284 caput
923 3226 1035 3270 nostrum
1048 3219 1071 3269 G
1083 3220 1115 3282 L,
1135 3221 1161 3268 in
1172 3226 1249 3283 caput
1261 3226 1286 3269 et
1298 3236 1341 3270 uo-

222 3313 302 3354 strom
314 3304 366 3365 Pa,
385 3306 411 3354 in
424 3312 500 3368 caput
512 3320 527 3353 o
540 3311 651 3355 nocuum
663 3305 804 3365 Heinsius,
823 3307 849 3354 iu
861 3311 938 3369 caput
949 3321 966 3353 a
977 3310 1089 3354 nostrum
1100 3304 1242 3354 Lucianus
1253 3304 1342 3354 Muel-

223 3388 307 3438 lerus.
320 3414 354 3424 —
373 3405 398 3440 v.
413 3390 461 3438 128
478 3390 512 3438 sit
531 3396 585 3438 totu
601 3389 634 3438 L.
647 3416 679 3425 —
698 3405 724 3439 v.
738 3391 787 3440 130
804 3390 852 3440 doc
868 3391 932 3439 illud
949 3393 978 3438 et
996 3405 1013 3438 a
1025 3403 1081 3439 seo.
1096 3405 1131 3438 m.
1150 3390 1198 3438 lure
1214 3391 1274 3439 illac
1285 3390 1307 3439 P
1318 3392 1340 3438 1.

224 3475 413 3524 dissimulantur
430 3472 502 3537 quod
520 3474 640 3522 correxit
657 3489 714 3522 sec.
732 3490 768 3523 m.
788 3475 819 3525 (1.
839 3499 873 3509 -
893 3491 919 3524 v.
939 3477 986 3524 131
1002 3474 1170 3540 [mulumque
1187 3476 1291 3541 requiro
1308 3475 1341 3538 L,

224 3560 328 3623 qairrus
347 3573 363 3608 a
381 3572 437 3608 rec.
456 3574 490 3606 m.
510 3556 666 3623 suppletum
685 3558 716 3609 (1.
730 3585 761 3594 -
779 3575 804 3609 v.
821 3560 869 3609 132
886 3561 985 3624 sompni
995 3559 1018 3608 L
1032 3560 1084 3609 Pa.
1099 3585 1130 3594 -
1149 3575 1174 3610 v.
1189 3561 1238 3610 134
1250 3562 1343 3626 911190-

224 3658 272 3708 que
284 3658 371 3692 monus
384 3644 525 3708 iusidioque
538 3645 602 3694 doro
616 3643 686 3707 quod
705 3647 859 3693 correctum
872 3647 914 3693 est
926 3645 999 3695 thoro
1012 3644 1066 3709 Pl,
1085 3645 1158 3695 thoro
1172 3644 1229 3694 GL
1243 3646 1296 3696 Pa.
1309 3671 1341 3682 -·

150 3791 153 3795 .
224 3742 250 3776 v.
259 3728 307 3777 135
317 3734 413 3778 remoto
422 3727 471 3790 Pl,
482 3729 576 3776 removi
588 3726 693 3777 GLP2.
702 3755 731 3763 -
743 3744 769 3778 v.
781 3728 829 3778 136
839 3730 909 3777 velun
917 3729 964 3791 Pl,
977 3731 1063 3778 uellem
1073 3729 1168 3781 ceteri.
1187 3730 1258 3780 obest
1270 3729 1302 3780 (1.
1311 3754 1338 3764 -

520 3810 536 3844 u

224 3869 250 3901 v.
271 3855 318 3904 137
335 3856 387 3904 ista
403 3810 455 3933 sed
464 3856 532 3918 fiupe
550 3860 576 3903 et
594 3813 706 3922 ,oddside'
717 3869 811 3919 oeproe
830 3855 881 3915 Pl,
897 3856 953 3919 fipit
972 3854 1018 3903 eui
1035 3857 1155 3920 astringit
1175 3855 1341 3920 adscriptum

226 3942 270 3987 est
287 3938 324 4001 L,
344 3940 449 4002 stringit
466 3941 534 4005 quod
550 3940 586 3989 sis
600 3940 670 4003 focis
688 3955 748 4004 epra
766 3939 818 3988 Pa.
839 3965 870 3974 —
888 3954 914 3988 v.
934 3940 982 3990 139
1001 3946 1089 3989 temtat
1108 3939 1141 4003 G,
1160 3937 1241 3991 tentat
1252 3941 1296 3990 Pl
1309 3941 1341 3989 L.

225 4049 347 4098 salientes
362 4051 458 4113 pollice
476 4065 552 4100 cenas
570 4051 644 4102 L.—
662 4065 688 4099 v.
703 4049 749 4097 141
768 4014 848 4119 iuupd
866 4047 898 4098 (1.
911 4075 942 4084 —
960 4065 986 4098 v,
1002 4050 1051 4098 144
1068 4052 1105 4101 od
1119 4052 1174 4115 spis
1192 4053 1342 4100 correctum

115 4205 123 4230 s
226 4155 256 4203 in
274 4159 310 4206 ad
325 4173 386 4221 sper
407 4157 461 4208 Pl.
481 4185 512 4194 -
530 4174 557 4208 v.
578 4160 626 4208 145
648 4125 745 4231 modoet
762 4159 814 4208 Pl.
833 4186 864 4194 -
884 4176 910 4210 v.
929 4161 1063 4211 147-155
1086 4160 1297 4224 circumscripsi.
1310 4186 1341 4194 -

226 4255 255 4290 v.
278 4243 327 4292 148
341 4242 428 4305 facias
445 4243 497 4291 Pa.
518 4269 549 4278 -
567 4259 594 4293 v.
615 4245 663 4294 149
680 4245 729 4294 sios·
746 4260 796 4294 uon
813 4245 845 4295 L.
886 4247 1003 4295 vendicat
1020 4246 1076 4295 Pa.
1095 4271 1128 4280 -
1145 4262 1171 4296 v.
1192 4247 1239 4294 150
1256 4245 1280 4292 si
1297 4246 1342 4294 do·

225 4325 316 4376 mirum
333 4328 416 4376 naseu
433 4326 486 4376 Pa.
505 4352 537 4362 -
555 4341 581 4376 v.
601 4327 648 4376 151
664 4329 732 4392 sueti
749 4344 765 4379 a
783 4345 823 4393 pr.
843 4345 878 4380 m.
898 4329 930 4382 G.
