3284 5158
681 433 981 527 -ον-Ι

312 597 357 666 δτι
379 596 435 685 γδρ
458 601 509 664 καλ
533 599 587 664 δύο
609 605 766 683 συλλαβῶν
788 593 938 664 ἀποκοπαὶ
961 605 1128 685 γίγνονται,
1159 602 1190 664 έν
1213 606 1255 690 τῷ
1276 604 1345 687 περὶ
1359 622 1411 663 xvi

192 772 195 778 ,
227 708 339 767 παθῶν
354 704 485 785 ἐδείχθη.
512 702 546 766 τό
561 727 590 766 τε
613 696 670 786 γολρ
693 697 810 786 πρόπαρ
825 701 919 779 οὕτως
935 705 993 786 ἔχει
1009 696 1105 768 καὶτὸ
1120 700 1231 790 μα’καρ,
1254 700 1347 786 murini,

227 805 278 868 καὶ
301 804 334 869 νδ
357 799 448 887 ὖμέν
470 800 551 883 παροδ
574 802 765 892 Καλλιμάχῳ.

311 928 455 988 Eandem
490 929 628 989 finalium
664 928 851 1008 syllabarum
888 930 1111 990 detractionem
1148 929 1186 990 ab
1218 930 1347 990 Aeolica

221 1025 361 1090 'dialecto
392 1032 555 1111 repetitam
590 1031 702 1091 docent
732 1040 837 1092 auctor
867 1032 992 1111 etymol.
1022 1053 1061 1091 m.
1089 1053 1121 1113 p.
1149 1040 1216 1106 ⁷00,
1252 1041 1287 1096 38
1315 1041 1348 1092 et

227 1133 408 1192 Eustathius
432 1130 471 1190 ad
487 1133 526 1191 Il.
549 1154 580 1212 p.
597 1139 657 1206 187,
681 1141 724 1196 28.
753 1153 867 1193 -verum
890 1142 1030 1214 apparat,
1053 1143 1176 1195 veteres
1199 1155 1347 1213 gramma-

227 1234 304 1292 ticos
326 1233 385 1292 hac
414 1234 447 1292 in
475 1254 508 1293 re
531 1235 626 1294 falsos
656 1230 770 1313 esses).
816 1244 847 1294 et
876 1235 915 1295 de
943 1223 1020 1295 voce
1048 1223 1123 1311 δμέν
1152 1236 1277 1316 quidem
1299 1256 1347 1297 ae·

229 1335 380 1394 curatiore
418 1334 570 1396 debentur
597 1335 744 1396 Helladis
775 1336 859 1415 apud
886 1338 978 1396 Phot.
1007 1335 1082 1397 bibl.
1111 1358 1142 1417 p.
1166 1346 1215 1400 531
1233 1359 1251 1396 a
1265 1338 1346 1397 Bkk.

150 1493 151 1496 ,
227 1431 260 1495 νδ
285 1431 317 1494 δέ
331 1427 429 1514 μοῖιιαρ
445 1431 478 1494 ἐκ
492 1435 545 1496 τοῦ
560 1427 705 1516 μακάριος
720 1429 934 1511 direxissemus,
959 1429 1054 1514 ὥσπερ
1072 1427 1172 1496 καὶτὸ
1194 1427 1348 1515 ὖμέναιε

227 1534 328 1614 γέγονε
350 1524 503 1596 ἆποιιοπὲν
524 1526 627 1614 tutu.
672 1540 745 1599 hinc
767 1560 834 1599 curn
858 1539 1054 1614 edoceamur,
1078 1528 1152 1616 δμέν
1173 1540 1348 1601 vocativum

228 1639 322 1699 fuisse
345 1639 428 1719 apud
452 1639 687 1715 Callimachum,
718 1661 808 1701 nemo
832 1639 997 1715 dubitabit,
1028 1641 1102 1720 quin
1129 1642 1184 1701 ille
1207 1640 1245 1700 ab
1267 1633 1348 1717 ὑμήν

228 1741 329 1819 potius
353 1761 444 1820 quam
466 1739 508 1800 ab'
529 1731 667 1817 ὑμέναιος
689 1743 894 1821 grammaticis
910 1743 1004 1802 fuerit
1016 1742 1210 1802 'derivandos
1226 1763 1346 1822 correp·

226 1843 329 1922 lisque
345 1843 508 1921 singularis
523 1844 673 1904 vocativis
689 1843 922 1918 adscribendus,
940 1844 1047 1924 qualos
1063 1844 1208 1906 amabant
1220 1844 1346 1904 Aeoles.

227 1964 292 2003 non
320 1945 381 2004 alia
410 1952 512 2004 autem
540 1965 589 2006 res
618 1965 637 2003 a
664 1946 796 2025 simplici
822 1946 954 2006 veritate
982 1947 1058 2006 isto's
1086 1947 1227 2020 abduxit,
1257 1967 1347 2026 quarn

230 2044 313 2125 quod
347 2045 553 2107 Callimachus
587 2047 734 2127 corripuit
761 2067 780 2104 ν
805 2049 839 2106 in
869 2037 957 2123 δμέν,
998 2069 1065 2107 cum
1098 2048 1235 2127 alioquin
1267 2037 1348 2124 ὑμήν

157 2151 159 2155 ’
228 2147 361 2225 longam,
385 2137 525 2224 ὑμέναιος
546 2147 674 2208 brevem
695 2151 803 2229 utique
824 2149 955 2209 haberet
976 2151 1115 2229 primam.
1159 2151 1264 2229 itaque
1286 2150 1347 2210 fru-

228 2250 340 2308 stulum
361 2250 439 2310 illud
462 2249 691 2310 Callimacheae
716 2249 856 2313 dictionis
879 2251 923 2310 ita
945 2248 1102 2330 adaugere
1123 2251 1247 2312 licebit:

830 2359 919 2446 ‘Tplv
941 2353 1124 2447 oi‘Yps‘voecr.

230 2506 309 2566 quae
330 2486 509 2547 hexametro
532 2462 607 2567 puta
620 2489 808 2568 interposita
826 2489 931 2549 fuisse.
969 2498 1084 2549 etcum
1100 2488 1183 2568 apud
1200 2490 1346 2548 Nonnum
1423 2561 1430 2572 ·

227 2588 315 2647 brevi
336 2610 355 2646 ν
377 2590 410 2647 in
424 2577 519 2666 Ὑμήν
535 2589 723 2666 Callimacho
746 2599 870 2649 auctore
885 2585 1064 2670 usurpata²)
1087 2591 1185 2650 haece
1204 2591 1347 2668 legantur

227 2691 322 2750 Dion.
344 2691 424 2752 XVI
446 2699 497 2755 289
514 2712 583 2773 sqq.
1096 2767 1097 2770 Ἴ

836 2781 911 2866 ὑπὲρ
935 2788 1064 2850 δαπέδου
1087 2788 1119 2850 δὲ
1141 2783 1272 2867 χορεύων

332 2879 462 2970 δέμπελος
484 2888 685 2972 ἐσμαράγησεν
707 2882 828 2970 6Ὑμὴν
848 2873 1028 2970 ’Τμέναιέ
1052 2893 1248 2971 λιγαίνων,

334 2990 477 3073 ίἱμερόεις
497 2989 591 3074 γάμος
613 2979 710 3066 οὗτος
737 2982 869 3073 ὀρεστιᾶς
892 2993 956 3071 ἴαχε
979 2986 1084 3070 πεύκη.

228 3132 331 3192 nescio
355 3151 395 3190 an
419 3131 623 3196 Callimachus
644 3132 704 3192 hoc
724 3133 947 3192 hemistichium
968 3131 1123 3191 habuerit:

835 3237 935 3326 ι’Υμὲν
958 3233 1141 3325 οδὙμέναιέ
1166 3247 1316 3326 λιγαίνων.

227 3369 403 3449 Hesychius
427 3369 509 3429 enirn
532 3391 570 3430 ex
591 3371 697 3450 ignoto
721 3377 840 3449 poeta:
864 3364 1056 3446 λιγαίνων·
1087 3363 1222 3442 μέλπων,
1255 3357 1347 3443 ἡδέως

227 3460 340 3548 ὑμνῶν.
384 3472 495 3551 supple
518 3466 604 3549 χορός
628 3459 817 3551 (dubiumst)

297 3707 317 3772 ¹)
336 3708 378 3759 Cf.
392 3708 564 3759 Lobeckium
577 3707 676 3774 parall.
689 3725 715 3774 p.
730 3710 778 3758 119
791 3722 841 3772 sq,
855 3706 1019 3756 Ahrensiunr
1032 3705 1065 3754 dc
1078 3704 1144 3755 dial.
1157 3705 1235 3767 Aeol.
1248 3722 1276 3771 p.
1287 3706 1345 3756 108.

295 3791 317 3857 .²)
335 3793 459 3844 Eandem
477 3794 542 3843 huic
560 3794 623 3844 voci
636 3808 791 3844 mensuram
806 3796 833 3841 et
845 3792 942 3842 Latini
954 3791 1058 3856 passim
1070 3794 1171 3855 poetae
1185 3795 1213 3840 et
1226 3791 1345 3840 fortusse

228 3877 374 3943 Euripides
392 3877 493 3928 Troad.
513 3880 562 3929 331
582 3878 723 3928 adhibent.

295 3961 317 4025 ³)
335 3963 415 4013 Haec
433 3966 577 4029 postquam
596 3962 747 4029 perscripsi
769 3961 826 4011 vidi
838 3959 1008 4010 Lobeckium
1027 3959 1057 4008 iu
1074 3959 1253 4026 pathologiaa
1266 3963 1344 4024 parte

229 4047 318 4097 altera
337 4063 424 4112 nuper
443 4048 586 4098 admodum
607 4047 681 4098 edita
698 4063 725 4112 p.
741 4048 789 4097 313
802 4061 843 4110 sq.
862 4046 895 4094 de
916 4044 1092 4110 eodem'loco
1112 4042 1195 4094 aliter
1212 4044 1343 4093 iudicare.
1371 4087 1372 4090 ,

228 4132 277 4182 εεδ
296 4131 366 4181 nihil
384 4133 417 4182 de
436 4133 505 4182 meis
523 4130 682 4182 mutandum
700 4131 855 4182 videbatur.
887 4145 1004 4194 namque
1022 4134 1053 4178 ut
1071 4128 1129 4178 alia
1147 4130 1264 4190 mittam,
1284 4142 1344 4176 cum

228 4216 297 4266 dicit
315 4216 362 4266 ille
382 4217 546 4268 Callimachus
564 4225 645 4268 autem
669 4217 785 4280 fortusse
808 4223 887 4266 rastro
911 4215 1050 4281 obsequens
1071 4215 1176 4277 scripsit
1193 4203 1278 4276 Ὑμέν
1297 4198 1345 4260 ἴδ’

228 4289 401 4367 οδῪμὲναιε
424 4303 509 4351 ultima
533 4310 655 4366 correpta
678 4308 769 4351 contra
790 4303 902 4365 rapulam
925 4302 1047 4351 nominum
1070 4304 1238 4362 οωγλοοονανι
1259 4297 1285 4343 iu
1308 4309 1345 4358 ην

228 4389 384 4452 exeuntium,
405 4402 496 4438 errore
506 4385 663 4436 ‘manifesto
681 4385 733 4435 hoc
746 4385 947 4451 praetermisit,
967 4383 1037 4448 quod
1051 4379 1223 4446 grammatici
1235 4384 1345 4429 veteres

262 4489 399 4536 marsus,
420 4489 534 4523 cruram.
712 4541 715 4548 ἱ
1123 4463 1140 4527 7
