3254 5158
666 413 881 478 215-

215 581 367 671 καμασήν,
391 590 470 651 sicut
493 598 524 649 et
540 589 691 650 Arcadius
715 609 806 669 quem
829 587 935 649 dicunt
956 609 987 669 p.
1002 598 1029 653 7.
1046 586 1146 650 Schm.
1163 591 1333 669 composuit

216 686 305 771 ἕσσήν
326 682 475 769 rapuerim
519 691 576 752 sed
599 693 682 752 levia
704 693 763 756 ista
785 710 844 750 nec
871 692 1030 751 mentione
1053 690 1149 768 digna
1175 691 1330 764 haberem,

216 801 249 858 ni
271 795 460 857 accederent
483 794 622 856 certiora.
654 814 719 854 cum
736 795 818 852 enim
839 793 1066 870 laevigatae
1082 812 1117 852 ac
1134 793 1331 852 delicatae

216 899 363 958 orationis
386 896 518 955 artifices
536 915 552 954 e
573 914 659 954 sacro
682 896 769 954 fonte
793 896 934 972 exiguam
957 914 1067 974 aquam
1088 892 1203 953 bibisse
1226 894 1332 952 dicun·

214 1010 277 1075 tur,
301 1020 380 1058 unus
405 998 539 1057 omnium
560 998 691 1058 maxime
713 996 831 1058 ridetur
854 995 1068 1055 Callimachus.

301 1103 446 1162 Testatur
465 1100 547 1158 enim
562 1099 696 1158 incertus
712 1107 807 1178 poeta
822 1096 908 1157 anth.
924 1098 959 1155 P.
975 1097 1040 1157 VII
1053 1105 1096 1169 49,
1114 1095 1332 1156 Callimachum

218 1204 251 1260 in
275 1202 407 1260 aetion
428 1201 627 1280 prooemio
643 1220 678 1260 se
693 1201 804 1259 fecisse
819 1219 887 1278 per
908 1218 1076 1258 somnum
1091 1218 1108 1256 e
1123 1196 1235 1276 Libya,
1256 1197 1287 1255 h.
1305 1218 1331 1255 e.

221 1323 238 1360 e
255 1302 378 1381 Cyrene
393 1304 495 1380 patria
505 1297 530 1378 ¹)
547 1302 580 1360 in
594 1301 779 1361 Heliconem
794 1301 946 1360 sublatum
962 1309 993 1358 et
1008 1319 1026 1358 a
1041 1300 1136 1360 Musis
1152 1298 1192 1357 de
1206 1299 1333 1358 heroum

220 1403 420 1482 divorumque
442 1403 533 1462 rebus
565 1402 714 1462 edoctum.
726 1397 755 1479 2)
800 1402 884 1461 unde
907 1402 1052 1461 somnia
1075 1401 1218 1460 dicuntur
1240 1399 1332 1458 Calli-

218 1505 318 1563 machi
341 1506 422 1563 aetia
444 1525 463 1562 a
482 1505 644 1583 Propertio
667 1505 719 1564 III
741 1512 775 1566 33
785 1502 814 1576 b,
837 1498 918 1584 32³)
964 1501 1048 1581 quod
1070 1503 1227 1560 artificium
1248 1509 1331 1578 post-

221 1605 311 1664 modo
334 1625 399 1664 cum
420 1605 472 1664 alii
494 1605 641 1664 videntur
669 1612 781 1684 poetae
810 1624 865 1682 pro
896 1602 1024 1663 exordio
1047 1602 1238 1676 adhibuisse,
1269 1611 1332 1660 tum

221 1707 350 1765 maxime
372 1703 528 1780 Ennius4)
557 1707 590 1765 in
619 1705 781 1766 annalibus
806 1704 858 1784 (cf.
882 1705 1016 1766 Vahleni
1039 1713 1170 1784 quaestt.
1192 1705 1276 1762 Enn.
1300 1725 1331 1782 p.
1373 1724 1376 1730 ·

287 1886 307 1951 ¹)
326 1888 379 1940 Sed
397 1889 472 1940 nullo
491 1893 574 1954 pacto
593 1890 658 1940 hinc
678 1890 879 1940 consectarium
898 1895 956 1951 est,
975 1891 1006 1938 ut
1024 1887 1056 1938 Ο.
1071 1887 1256 1938 Schneiderus
1274 1886 1333 1936 vult

217 1971 341 2038 prolegg.
364 1974 393 2022 in
417 1979 473 2024 aet.
492 1991 518 2040 p.
538 1977 561 2037 1,
582 1971 741 2040 conscripta
764 1972 825 2036 vel,
853 1976 884 2022 ut
901 1971 1042 2024 Merkclur
1065 1973 1187 2038 prolegg.
1205 1970 1331 2036 Apollon.

216 2073 243 2120 p.
256 2058 330 2121 XXI,
348 2057 481 2108 incohata
499 2059 577 2108 aetia
596 2073 655 2109 esse
669 2057 792 2123 Cyrenis,
811 2057 837 2106 h.
858 2072 882 2106 e.
902 2055 937 2106 ab
957 2053 1136 2106 adulescente
1150 2055 1332 2115 Callimacho,

217 2156 279 2189 nam
292 2143 382 2206 potuit
393 2143 518 2207 proiecto
531 2143 681 2209 praeterito
695 2141 810 2192 cuilibet
821 2141 939 2206 tempori
951 2139 1020 2189 illud
1033 2141 1177 2205 assignare
1189 2142 1332 2190 somnium.

218 2230 301 2288 atque
314 2227 423 2276 omnino
435 2227 557 2277 inserere
571 2231 678 2277 tantum
690 2227 810 2292 patriam
822 2225 909 2277 voluit
922 2225 1026 2292 gloriae
1037 2240 1114 2274 suae.
1129 2225 1333 2291 comparaveris

217 2311 289 2374 quod
307 2310 414 2361 Statius
432 2312 502 2361 dicit
519 2312 581 2364 silv.
599 2313 613 2362 1
631 2316 655 2376 2,
669 2313 731 2362 253:
755 2311 898 2377 Vmbroqac
910 2312 1064 2375 Propertius
1082 2317 1165 2362 antro.
1197 2327 1248 2360 nec
1266 2326 1332 2361 vero

216 2393 413 2458 dubitaverim,
434 2397 499 2459 quin
516 2395 703 2447 Callimachus
722 2402 826 2445 certum
845 2395 964 2461 aliquem
983 2396 1106 2461 satisque
1126 2394 1263 2444 celebrem
1281 2392 1333 2458 Cy-

218 2494 301 2529 renae
320 2495 429 2530 sacrum
447 2480 537 2530 locum
555 2481 727 2533 indicaverit.

284 2563 305 2628 ²)
324 2564 505 2614 Alexandrini
529 2567 602 2616 enim
623 2570 723 2631 poetae
748 2581 810 2615 cum
828 2581 883 2615 non
902 2565 1019 2630 amplius
1038 2565 1162 2614 contenti
1182 2568 1274 2613 essent
1291 2565 1332 2612 in-

216 2651 363 2700 vocatione
381 2650 534 2714 Musarum,
555 2652 652 2715 quibus
670 2652 878 2716 inspirarentur,
897 2653 1061 2714 argumenta
1078 2663 1129 2698 sua
1148 2649 1183 2697 ad
1201 2649 1333 2712 quasdam

216 2733 400 2798 theophanias
418 2735 523 2785 referre
542 2735 664 2800 impense
684 2736 823 2784 amabant.
851 2751 902 2798 quo
916 2751 930 2784 e
944 2750 1045 2799 genere
1058 2733 1251 2783 Eratosthenis
1262 2732 1334 2781 Mer-

219 2816 312 2864 curius
325 2821 386 2866 erat
398 2822 426 2867 et
436 2817 587 2868 Alexandri
599 2817 690 2866 Aetoli
698 2817 805 2882 Apollo.
826 2821 853 2866 et
866 2819 964 2867 erebra
976 2817 1045 2867 talia
1058 2817 1130 2883 apud
1141 2816 1277 2868 Ovidium.
1296 2817 1332 2866 cf.

218 2914 302 2949 amor.
316 2901 359 2951 III
372 2903 394 2965 1,
409 2918 475 2952 rem.
488 2903 539 2952 555
551 2916 620 2967 sqq,
634 2902 684 2951 705
696 2917 764 2966 sqq,
785 2902 850 2951 fast.
862 2903 876 2951 I
887 2904 920 2952 93
930 2917 997 2966 sqq,
1012 2904 1060 2952 667
1072 2917 1139 2966 sqq,
1152 2901 1193 2952 ΠΙ
1206 2902 1254 2951 167
1264 2915 1332 2965 sqq,

218 2983 257 3032 IV
268 2986 315 3033 193
324 2999 392 3050 sqq,
403 2986 441 3036 VI
451 2989 466 3036 9
476 3002 535 3051 sqq.
556 3003 589 3036 ex
598 2986 629 3035 P.
640 2987 682 3036 111
694 2990 719 3046 3,
730 2987 768 3036 IV
776 2989 802 3037 4.
814 2986 909 3036 eodem
920 2988 1043 3052 pertinet
1051 2986 1180 3036 Philetae
1191 2986 1223 3035 de
1233 2986 1331 3036 Amore

217 3069 340 3119 narratio
358 3085 430 3134 quae
449 3075 492 3121 est
510 3070 583 3136 apud
600 3071 727 3136 Longum
743 3075 815 3135 past.
835 3072 862 3122 ΙΙ
877 3073 954 3122 4-7.
979 3072 1015 3121 cf.
1035 3071 1111 3121 auth.
1129 3070 1209 3121 Plan.
1228 3073 1286 3121 210.
1300 3097 1332 3105 -

218 3156 339 3202 ceterum
357 3170 426 3205 cave
445 3156 571 3222 accipias
590 3156 680 3206 omnia
699 3172 769 3221 quae
787 3156 894 3220 profert
915 3156 949 3206 de
972 3157 1065 3206 aetion
1087 3156 1226 3221 prooemio
1242 3155 1333 3220 dispu-

216 3243 280 3286 tans
298 3235 444 3288 Heckerus
462 3246 606 3291 comment.
626 3241 659 3291 de
679 3223 754 3291 anth.
773 3241 839 3291 1843
850 3256 877 3305 p.
897 3240 945 3290 179
964 3255 1022 3305 sqq.

284 3320 306 3385 ³)
324 3323 361 3374 Vt
378 3324 474 3372 somnia
497 3325 644 3375 Callimachi
666 3325 798 3390 expediat
821 3324 939 3374 mirifica
963 3325 1074 3375 molitur
1091 3327 1139 3375 Fr.
1157 3325 1279 3375 Iakobus
1303 3326 1332 3373 in

218 3405 314 3457 libello
333 3405 500 3460 scholastico
519 3409 553 3460 de
571 3411 716 3476 Propertio
735 3411 838 3474 scripto
856 3410 943 3461 Lueb.
964 3411 1028 3460 1847
1047 3426 1072 3475 p.
1091 3411 1124 3460 25
1141 3425 1181 3474 sq.
1200 3411 1248 3460 Ich
1262 3412 1332 3474 finde

216 3493 323 3540 nemliclt
344 3493 371 3540 in
393 3493 449 3542 dam
466 3510 558 3544 memor
575 3496 702 3558 Philetas,
729 3498 784 3546 dem
806 3495 945 3554 wacken,
969 3501 1144 3552 mentorem,
1165 3495 1332 3559 prolatischea

216 3579 289 3624 einen
303 3576 443 3640 Gepeasatz
455 3594 485 3627 aa
496 3580 599 3628 somniis
612 3579 757 3630 Callimachi
767 3581 799 3629 im
811 3580 981 3636 Pentameier,
995 3581 1042 3628 der
1052 3595 1117 3642 pana
1129 3580 1176 3629 wie
1189 3595 1242 3630 vom
1254 3579 1332 3628 Dieb-

217 3667 257 3708 τεν
273 3661 351 3710 selbot
369 3661 515 3714 absichtIick
531 3665 645 3728 yemacbt
662 3666 780 3715 aussiebt.

283 3743 305 3807 ⁴)
324 3745 420 3795 Habes
441 3746 526 3812 igitur
547 3746 777 3813 Alexandrinum,
802 3765 881 3814 quem
904 3748 1056 3813 quaerebat
1078 3747 1211 3798 Lehrsius
1237 3748 1331 3814 popul.

217 3827 308 3878 Aufss.
327 3846 353 3895 p.
374 3831 422 3880 108
434 3847 462 3883 n.
485 3832 570 3882 Wemr
587 3834 665 3883 achon
684 3835 783 3884 Ennius
799 3836 887 3884 sciaen
902 3834 995 3883 Traam
1012 3834 1063 3895 aas
1076 3835 1125 3882 den
1142 3834 1258 3884 Parnase
1275 3851 1331 3883 cer-

217 3915 295 3976 lepte,
317 3931 369 3964 was
387 3916 452 3965 doeh
468 3917 538 3966 mehr
552 3917 598 3980 fiir
616 3920 655 3969 als
670 3935 751 3984 papea
767 3919 821 3968 atel
837 3935 868 3967 ra
884 3918 967 3967 haben
983 3918 1093 3977 askeim,
1114 3934 1144 3968 so
1161 3919 1257 3968 mdclrte
1274 3935 1331 3967 aran

215 4014 255 4046 am
271 4013 301 4046 sc
318 3999 387 4048 creir
403 4002 501 4057 maaca,
520 4002 551 4051 ab
569 4018 598 4051 er
615 4005 641 4052 in
656 3993 729 4052 'einer
746 4003 918 4068 amecbmcben
929 4002 1015 4060 Stalle,
1034 4010 1112 4053 elwa
1129 4004 1224 4053 schoa
1243 4005 1331 4053 eines

217 4081 403 4133 Alexandri
408 4101 493 4141 cers,
511 4086 707 4139 linrcichendec
724 4090 846 4154 Vorganp
855 4089 929 4152 fund.
952 4091 981 4138 at
993 4089 1132 4138 Parnasso
1144 4087 1244 4138 Helico
1257 4086 1330 4136 haud
1377 4108 1380 4115 ·

217 4164 298 4215 dubie
323 4171 383 4216 erat
401 4168 617 4220 substituendus.
647 4173 758 4224 Lucret.
778 4172 858 4222 1117
877 4188 936 4237 sqq.
961 4174 1060 4223 Ennius
1082 4180 1109 4222 ul
1126 4180 1213 4222 noster
1230 4174 1328 4226 oeairrit,

216 4251 261 4314 qai
275 4253 372 4315 primas
389 4269 493 4304 amoeno
508 4248 514 4319 Ι
529 4255 618 4304 detulit
635 4273 670 4306 em
687 4257 849 4308 Helieone
865 4259 975 4322 perenni
983 4258 1079 4320 fronde
1091 4273 1218 4307 coronam.
1244 4256 1328 4304 idem-

216 4349 268 4398 que
287 4335 456 4387 demonstrat
472 4337 554 4402 Prop.
572 4338 611 4390 IV
628 4343 651 4400 3,
671 4343 696 4391 6.
