3254 5158
651 423 876 490 .—-9-

225 597 360 678 paullum
376 595 467 654 aliter
480 593 564 655 idem
578 616 610 675 p.
625 604 678 658 224
701 596 740 656 de
764 596 874 656 eodem
897 598 1131 676 epigrammate:
1154 617 1224 656 mar
1245 603 1341 654 seina

226 701 390 772 Maiaanp
419 699 641 774 treabarrip,
670 717 701 756 so
726 702 797 774 pleb!
823 700 888 757 aben
918 702 1008 756 dieser
1029 701 1143 773 Aarruf
1161 697 1233 777 (Ζεύ
1256 699 1336 776 φίλε)

225 803 275 858 dar
304 802 520 874 Barranderunp
548 802 596 856 der
626 802 753 858 Gedicbts
782 804 835 860 viel
862 801 1041 858 Nacbdrarlr.
1091 800 1164 859 hinc
1192 801 1339 878 conligas,

226 902 451 982 aliquantisper
472 901 571 959 virum
593 921 739 961 summurn
762 901 934 976 dubitasse,
959 922 1031 960 num
1047 901 1225 961 Callimachi
1245 901 1340 961 verba

225 1004 305 1062 serio
331 1003 414 1063 dicta
437 1021 505 1062 esse
527 1003 717 1065 viderentur.
763 1013 794 1062 ct
820 1004 960 1083 profecto
984 1023 1021 1062 sa
1044 1011 1091 1063 est
1113 1005 1340 1083 epigrammatis

226 1105 357 1184 species,
380 1113 414 1163 ut
435 1104 616 1164 iustissimus
639 1106 679 1166 sit
702 1104 886 1165 dubitationi
908 1106 1003 1164 locus.
1034 1102 1090 1164 sed
1106 1124 1164 1183 age
1180 1126 1340 1184 argumen-

226 1207 265 1264 tis
287 1215 413 1265 utamur.
444 1205 504 1263 Ζεῦ
518 1205 598 1280 φίλε,
621 1215 655 1266 ut
676 1207 759 1266 idem
780 1227 879 1285 genus
902 1227 976 1286 prae
999 1207 1109 1267 ceteris
1132 1209 1339 1287 respiciamus,

227 1307 480 1385 anthologiae
503 1307 584 1366 binis
599 1309 675 1368 locis
690 1310 818 1368 invenio
833 1310 864 1367 in
887 1308 1056 1369 ioculari
1070 1310 1222 1388 utrimque
1237 1330 1339 1383 sensu,

226 1411 255 1468 V
277 1419 327 1471 109
349 1417 379 1469 et
406 1417 463 1472 167.
497 1417 660 1488 practerea
681 1411 714 1468 in
736 1409 950 1489 Eupolidis
973 1417 1020 1469 est
1042 1410 1214 1488 fragmento
1237 1412 1271 1470 II
1289 1419 1339 1471 541

111 1556 122 1568 .
226 1511 321 1570 Mein.
343 1498 409 1566 ἀλλ’
429 1491 452 1568 ὦ
470 1509 537 1583 φίλε
553 1509 627 1587 Zeti,
649 1504 836 1587 κατάχυτλον.
852 1499 906 1585 τὴν
928 1499 986 1589 ῥῖν’
1006 1507 1089 1586 ἔχεις.
1120 1512 1168 1570 cui
1190 1512 1338 1588 congruit,

192 1621 194 1624 '
229 1612 310 1690 quod
332 1613 365 1670 in
387 1613 515 1692 antiqua
537 1613 643 1692 aliqua
664 1613 793 1671 scutella
807 1612 934 1672 Herculi
950 1613 1002 1692 qui
1021 1613 1053 1672 in
1070 1611 1235 1692 Olympum
1250 1611 1340 1671 indu·

227 1714 303 1772 citur
318 1711 472 1792 adscripta
487 1714 582 1775 verba
597 1721 669 1774 sunt
684 1713 743 1771 Zeti
757 1712 834 1786 φίλε.
849 1709 876 1791 1)
900 1712 1004 1793 quode
1020 1715 1145 1791 egregie
1157 1713 1340 1799 Welckerus

225 1814 287 1872 alte
309 1815 443 1874 Denkm.
466 1816 517 1875 ΙΙΙ
539 1837 570 1895 p.
593 1822 659 1878 419:
695 1818 770 1873 Daca
796 1820 836 1874 sie
859 1813 990 1893 (Athena)
1020 1819 1080 1873 dem
1102 1818 1242 1874 Herakles
1268 1817 1342 1872 niam

223 1918 453 1987 aoranaclrreilat,
476 1921 526 1975 rere
545 1920 717 1992 yewdbnliclr
738 1920 797 1975 aad
816 1921 845 1974 in
867 1920 920 1974 den
941 1921 1052 1975 andern
1068 1920 1164 1976 Fallere
1186 1921 1232 1974 mit
1251 1925 1341 1992 putem

226 2017 339 2090 Graad,
373 2023 407 2075 ist
432 2021 494 2077 bier
521 2021 587 2076 sehr
610 2023 748 2094 prosena:
780 2024 820 2077 ria
847 2022 950 2094 drdnpt
971 2023 1019 2076 mit
1044 2022 1095 2077 dar
1116 2021 1239 2077 Becaren
1260 2020 1341 2076 ibren

225 2121 435 2198 Auserrviiblten
456 2123 509 2178 den
534 2122 692 2195 Olympiam
714 2140 764 2191 za,
787 2124 830 2178 als
851 2123 884 2179 ab
905 2138 938 2179 ar
959 2140 995 2178 zu
1017 2124 1128 2180 solabar
1142 2122 1292 2195 Erbebuny
1313 2125 1342 2178 ia

224 2225 315 2278 rainer
338 2224 427 2278 Brust
446 2224 522 2279 nicht
542 2224 625 2281 Mutia
645 2238 735 2297 penup
754 2224 860 2296 fanda.-
883 2227 943 2280 eine
965 2224 1129 2297 Andeatanq
1151 2225 1244 2280 dicia
1272 2224 1340 2280 Ver-

223 2325 343 2398 bindunp
365 2328 412 2381 mit
431 2327 533 2382 acinam
548 2325 664 2398 aturrus
681 2325 741 2381 Ζεῦ
762 2320 830 2398 φίλε
852 2327 904 2382 aas
925 2326 1078 2399 demittbrpe
1094 2325 1198 2398 cantat
1217 2326 1260 2381 bai
1281 2327 1341 2382 dam

229 2426 389 2500 Heberyanp
411 2443 467 2483 aas
495 2429 547 2483 der
570 2427 760 2484 Sterblicblceit
784 2436 865 2485 anter
892 2428 936 2484 die
959 2429 1053 2486 Gotter
1079 2431 1146 2485 acia
1174 2426 1339 2484 ausdrt'aclrt.

225 2545 319 2605 qnare
346 2527 412 2586 iure
441 2527 557 2606 poteris
586 2526 704 2601 dicere,
735 2528 793 2586 isto
817 2524 877 2586 Ζεῦ
899 2527 965 2601 φίλε
997 2526 1152 2607 adscripto
1175 2527 1341 2604 Herculem

223 2628 335 2687 leviter
358 2630 540 2687 comicam
563 2628 704 2688 denotari
726 2649 906 2709 personam,
931 2629 1031 2709 qualis
1053 2649 1149 2708 saepe
1170 2628 1224 2686 ille
1240 2629 1342 2705 pingi-

224 2737 281 2788 tur.
294 2724 319 2806 ²)
365 2730 554 2809 perinsignis
584 2730 700 2789 deinde
731 2751 767 2789 ac
795 2731 975 2808 singularis,
1006 2731 1032 2788 si
1063 2729 1131 2808 quis
1161 2728 1341 2788 Callimachi

224 2850 310 2889 usum
344 2830 470 2891 dicendi
503 2833 660 2910 pernovit,
696 2833 901 2890 constantium
934 2830 1095 2909 epitheton
1130 2849 1217 2903 usus,
1254 2831 1341 2886 θεῖον
1379 2891 1382 2895 ,

222 2921 325 2989 ἀοιδόν
355 2941 385 2992 et
407 2922 504 3008 ξανθὴ
528 2922 646 3007 Ἰόλεια,
677 2952 804 3012 quorum
832 2932 984 3011 posterius
1012 2931 1046 2989 in
1073 2931 1141 3009 ipso
1172 2929 1343 3009 Creophyli

225 3033 359 3092 carmine
387 3025 481 3094 valde
515 3035 743 3114 frequentatum
776 3035 871 3094 fuisse
899 3032 1059 3114 probabile
1089 3040 1145 3091 est.
1189 3051 1280 3110 porro
1307 3031 1341 3089 in

225 3135 363 3196 notando
379 3110 458 3196 libro
479 3137 660 3216 quaesita
681 3136 834 3217 quaedam
849 3137 983 3196 cernitur
997 3135 1140 3194 ieiunitas
1157 3142 1188 3193 et
1204 3133 1340 3192 exilitas:

224 3235 312 3296 κλείω
333 3225 361 3294 d’
381 3227 520 3316 Εὔρυτον
541 3225 603 3296 ὅσσ’
629 3234 744 3297 ἔπαθεν
766 3235 817 3296 καὶ
839 3229 955 3312 ξανθὴν
972 3225 1104 3295 Ἰόλειαν.
1136 3255 1242 3295 nonne
1263 3235 1342 3294 haec

226 3339 290 3398 eius
313 3347 360 3398 est
388 3340 482 3414 ratio,
515 3340 568 3419 qui
596 3348 739 3419 suscepto
768 3341 894 3400 alieuius
923 3339 968 3399 rei
990 3339 1089 3398 minus
1117 3346 1224 3416 gratae
1252 3357 1341 3416 prae·

225 3441 313 3510 conio
342 3441 386 3499 ita
419 3441 611 3518 defungitur,
646 3449 679 3499 ut
706 3442 775 3520 ipsa
807 3443 948 3518 vulgaria
975 3442 1109 3519 tritaque
1142 3439 1341 3499 festinantius

226 3539 396 3602 decantans
412 3542 548 3601 taedium
562 3562 649 3601 suum
665 3544 753 3622 quasi
769 3543 855 3602 vultu
870 3562 945 3622 prae
961 3562 995 3602 se
1011 3541 1113 3600 ferat?
1137 3541 1252 3601 deinde
1267 3536 1342 3617 μέγα

223 3662 346 3717 vocem,
372 3644 398 3702 ei
422 3642 547 3724 quidem
569 3664 603 3704 re
625 3664 700 3704 vera
722 3644 905 3724 praedicare
926 3651 1020 3723 pocta
1042 3642 1169 3703 volebat
1190 3642 1342 3702 honorem

190 3873 194 3877 ·
291 3859 314 3924 ¹)
333 3863 366 3914 V.
385 3861 518 3915 Gerhard.
536 3861 743 3913 Trinhschalen
764 3863 822 3913 tab.
842 3863 866 3912 6.
886 3859 909 3913 7.
935 3862 971 3911 cf.
989 3860 1068 3912 Iahn.
1088 3859 1228 3911 archaeol.
1247 3860 1340 3911 Auses.

222 3962 249 4009 p.
270 3947 318 3996 115
336 3962 387 4012 sq,
406 3947 617 4013 Vaaenkatalog
634 3966 662 4013 p.
681 3947 777 3997 CXIV.

289 4029 311 4092 ²)
329 4031 392 4080 Huc
416 4032 536 4096 pertinet
559 4032 644 4082 etiam
670 4036 731 4082 tota
757 4031 880 4081 narratio
903 4031 1070 4082 Callimachi
1097 4032 1130 4081 de
1155 4029 1285 4081 Herculis
1311 4030 1340 4078 in

224 4113 340 4181 Olympo
362 4116 453 4177 victu,
478 4117 507 4165 in
530 4117 613 4166 Dian.
634 4118 775 4168 142-162.
794 4117 864 4181 quod
891 4117 1040 4167 Cobetns
1067 4133 1134 4167 sane
1159 4131 1255 4181 parum
1278 4129 1341 4180 per-

223 4200 348 4263 spexisse
371 4200 494 4264 videtur,
520 4202 566 4265 qui
585 4200 756 4251 Callimacho
780 4201 851 4250 male
877 4202 1019 4252 admodum
1040 4219 1096 4252 rem
1115 4201 1232 4251 cessisse
1250 4202 1338 4264 putat,

223 4285 350 4348 quoniam
363 4287 425 4336 talia
443 4287 469 4335 in
485 4288 554 4336 serio
572 4289 682 4337 carmine
697 4288 817 4350 finxerit,
838 4302 908 4352 quae
922 4287 976 4352 ipsi
994 4288 1104 4337 ridicula
1116 4285 1281 4336 viderentur.
1301 4283 1338 4332 cf.
1416 4277 1421 4288 ’

223 4383 353 4419 mnemos.
371 4370 395 4418 X
415 4387 442 4434 p.
461 4372 510 4420 393
523 4385 567 4434 sq.
