3284 5158
730 471 777 526 .-
826 429 887 494 120
929 468 970 476 *

298 607 442 666 mercium
457 614 576 684 spectat
592 614 622 664 et
636 613 715 678 2273,
734 604 912 685 quibuscum
928 624 1094 684 componas
1110 605 1242 664 Theocr.
1256 606 1354 666 XVII
1368 603 1415 683 90)

298 729 354 788 pro
378 717 460 767 certo
483 709 549 767 fere
572 706 750 766 habendum
774 715 834 781 est,
866 706 1046 766 Callimachi
1074 709 1106 765 in
1130 707 1243 768 Delum
1270 709 1417 787 hymnum

297 811 331 869 in
368 830 455 897 usum
490 809 628 870 theoriae
666 808 791 867 ahcuius
825 809 974 868 Deliacae
1011 829 1029 866 a
1060 808 1266 889 Philadelpho
1280 805 1303 887 ¹)
1343 831 1416 888 rege

298 911 492 972 Alexandria
520 914 631 974 missae
660 911 861 990 compositum
890 929 969 970 esse.
982 905 1008 987 ²)
1059 911 1107 969 cui
1131 910 1255 991 quidem
1278 912 1416 972 theoriae

300 1014 375 1094 quin
396 1015 464 1093 ipse
488 1023 582 1095 poeta
603 1015 729 1074 honoris
752 1032 861 1080 caussa
883 1011 1006 1074 additus
1029 1013 1121 1074 fuerit
1153 1014 1207 1076 vix
1242 1033 1298 1096 ego
1330 1013 1416 1077 dubi·

299 1116 439 1175 taverim.

385 1217 474 1278 Haec
495 1219 587 1296 igitur
610 1220 712 1278 omnia
733 1227 796 1278 tarn
818 1219 982 1296 insigniter
1003 1221 1084 1278 inter
1106 1239 1140 1279 se
1162 1221 1361 1294 conveniunt,
1385 1229 1418 1280 ut

302 1339 412 1378 suase
442 1320 608 1381 concordia
635 1329 738 1381 mutue
769 1320 948 1380 confirmare
975 1320 1149 1382 videantur.
1193 1343 1288 1382 unum
1312 1329 1416 1382 tamen

301 1429 411 1496 restat,
429 1421 513 1501 quod
532 1423 631 1482 minus
645 1443 737 1502 posse
752 1423 887 1502 perspici
904 1442 997 1500 aegre
1011 1423 1146 1482 ferimus.
1174 1423 1288 1482 Aconti
1303 1444 1417 1484 nomen

301 1543 395 1602 supra
419 1523 462 1603 (p.
486 1521 533 1602 41)
559 1524 624 1584 dixi
654 1545 749 1584 exre
775 1526 878 1584 fictum
906 1543 974 1586 esse
996 1525 1155 1605 ipsiusque
1177 1526 1340 1586 locutionis
1362 1524 1417 1601 μῆ-

300 1625 352 1681 λον
374 1613 539 1694 ιἰκοντίζειν
563 1626 623 1686 duo
647 1627 735 1686 attuli
752 1626 908 1706 exempla,
933 1646 1013 1706 quae
1036 1647 1112 1686 sane
1127 1627 1217 1686 unius
1232 1629 1330 1686 instar
1345 1629 1415 1688 sint.

301 1746 367 1784 cum
396 1727 611 1788 Aristaenetus
639 1729 659 1787 l.
689 1748 713 1788 c.
743 1728 912 1788 Lucianum
942 1729 1133 1807 excripserit.
1185 1729 1250 1788 noli
1284 1729 1415 1802 obicere,

300 1828 358 1887 hoc
381 1830 520 1907 argutule
545 1823 658 1890 dictum
680 1830 717 1890 ab
740 1819 863 1890 rhetore
885 1831 982 1909 ipsius
998 1829 1102 1888 forsan
1120 1829 1319 1889 Callimachei
1334 1830 1417 1890 lusus

300 1929 380 1989 illius
403 1933 530 1990 memori
553 1952 612 1991 nec
636 1931 747 1992 decere
769 1932 1179 2011 ingenuamsimplicitatem
1194 1933 1340 2010 primitivi
1355 1952 1427 2006 ser-h

301 2033 416 2106 monis,
441 2032 609 2093 secundum
626 2054 717 2113 quem
739 2023 903 2101 ἀκοντίζειν
926 2033 965 2092 sit
986 2021 1099 2091 ίίκοντα
1120 2033 1173 2092 vel
1187 2034 1336 2112 spiculum
1351 2034 1418 2093 mit-

300 2140 377 2191 tere.
410 2119 575 2202 ἀκοντίζειν
597 2137 724 2215 proprie
747 2136 899 2213 significat
922 2135 1005 2213 quod
1021 2155 1077 2195 nos
1095 2134 1221 2194 dicimus
1236 2129 1416 2211 ranneberti),

300 2221 383 2290 ίίκων
405 2221 467 2292 was
486 2239 635 2310 peschnellt
656 2239 744 2306 wird,
768 2225 919 2305 Ἀκόντιος
942 2238 992 2294 der
1015 2237 1168 2295 Schneider.
1177 2231 1203 2314 4)
1248 2235 1309 2294 iam
1330 2245 1417 2296 nota·
1466 2227 1469 2232 ⁵

236 2404 239 2414 .
299 2332 363 2393 bile
399 2335 491 2395 debet
523 2337 637 2412 videri,
680 2337 777 2417 quod,
808 2357 873 2396 cum
903 2337 1018 2421 Aconti
1053 2357 1167 2396 nomen
1200 2337 1239 2396 ad
1276 2357 1340 2396 rem
1378 2338 1419 2396 sit

299 2436 402 2496 fictum
435 2446 527 2518 atque
562 2441 685 2499 omnino
720 2439 824 2499 fabula
858 2459 897 2498 ex
931 2457 967 2498 eo
999 2438 1109 2498 ordine
1132 2441 1185 2514 sit,
1215 2439 1248 2498 in
1272 2458 1332 2519 quo
1363 2459 1417 2498 no·

370 2602 389 2668 1)
409 2606 469 2656 Ηοο
489 2607 561 2657 enim
579 2613 713 2672 regnante
733 2607 831 2673 scripti
848 2606 977 2657 videntur
994 2621 1038 2656 vv.
1059 2607 1212 2668 lii-7188,
1242 2607 1339 2672 quibus
1358 2605 1419 2656 Cel·

302 2693 391 2739 tarum
410 2695 519 2756 strages
537 2707 587 2756 per
598 2691 809 2757 Philadelphum
828 2692 906 2741 facta
924 2690 1042 2756 gloriose
1062 2690 1227 2742 celebratur.
1257 2696 1286 2741 et
1304 2691 1419 2742 eundem

300 2775 410 2825 omnino
433 2775 644 2841 Philadelphum
667 2777 791 2828 novimus
815 2791 954 2827 sacrorum
977 2780 1006 2825 et
1027 2791 1187 2841 pomparum
1209 2775 1419 2840 magnificentia

300 2860 443 2925 inprimis
463 2861 588 2925 gavisum
609 2876 678 2910 esse.
712 2861 751 2912 cf.
770 2860 870 2910 Athen.
889 2861 913 2909 V
931 2877 957 2925 p.
977 2862 1025 2911 196
1044 2876 1130 2909 a—e.

367 2942 387 3008 ²)
407 2945 504 2996 Eidem
522 2945 608 3010 igitur
626 2945 797 2995 inserviebat
814 2946 884 3007 usui,
905 2949 985 3009 atque
998 2945 1163 2995 Homericus
1175 2947 1204 2994 in
1216 2945 1325 2997 Delium
1338 2945 1418 3011 Apol·

299 3030 384 3079 linem
402 3029 532 3094 hymnus,
556 3029 670 3080 Pindari
687 3045 780 3096 paean
797 3029 932 3080 Deliacus
957 3027 1004 3092 (cf.
1023 3029 1128 3095 Bergki
1145 3033 1231 3097 poett.
1249 3030 1300 3096 lyr.
1318 3047 1343 3096 p.
1357 3029 1417 3096 247)

300 3113 378 3177 Oeis,
405 3114 514 3163 Eumeli
539 3114 698 3179 prosodiunr
720 3115 867 3164 Deliacum
894 3113 942 3178 (cf.
961 3113 993 3164 Ο.
1012 3113 1175 3164 Muellerum
1197 3115 1263 3165 Dor.
1287 3115 1301 3164 1
1324 3132 1350 3181 p.
1369 3118 1418 3166 252

300 3199 476 3249 Welckerum
496 3198 719 3264 Goetterl.11p.
740 3199 800 3266 344)
820 3199 981 3259 Messeniis,
1003 3199 1133 3249 Pronomi
1156 3199 1249 3260 (Paus.
1269 3200 1308 3250 IX
1327 3202 1372 3260 12,
1390 3201 1418 3262 4)

299 3282 530 3333 Chalcidensibus
561 3284 753 3350 conscriptum.
791 3299 891 3348 eosque
914 3298 1108 3349 praecessores
1138 3283 1197 3348 ipse
1229 3284 1418 3334 Callimachus

299 3369 415 3432 respicit
436 3369 465 3416 in
484 3367 546 3419 Del.
566 3370 607 3432 28,
628 3369 761 3434 quemad
784 3384 894 3418 versum
917 3367 1025 3418 scholia
1048 3368 1164 3418 Pindari
1188 3373 1216 3418 et
1239 3368 1418 3433 Bacchylidis

302 3448 365 3517 (frg.
380 3454 411 3502 57
426 3452 498 3517 apud
510 3452 671 3518 Bergkium)
690 3453 856 3502 mentionem
874 3453 1000 3502 iniciunt.
1025 3458 1147 3503 ceterum
1165 3459 1271 3519 partem
1289 3455 1419 3505 veritatis

300 3535 355 3583 inm
374 3525 557 3601 spanhemius
576 3537 739 3586 coniciendo
756 3537 835 3599 vidit,
855 3537 903 3587 sed
921 3537 1003 3587 nullis
1022 3537 1070 3588 ille
1088 3553 1154 3588 usus
1174 3541 1353 3604 argumentis.
1381 3540 1418 3593 ci.

301 3619 360 3669 eius
379 3625 522 3671 comment.
543 3621 584 3670 ed.
604 3622 668 3673 Em.
687 3637 713 3686 p.
732 3623 789 3672 373.

366 3702 387 3766 ³)
407 3705 447 3754 Ne
466 3704 545 3770 plura
565 3706 687 3765 afferam,
707 3696 845 3765 ἀκοντίοις
863 3707 1033 3772 serpentium
1046 3722 1132 3773 genus
1145 3712 1195 3770 est,
1217 3699 1419 3771 οίττοικοντίζειν

298 3789 454 3839 Herodotus
473 3790 511 3839 IV
530 3792 577 3841 181
598 3791 712 3841 adhibet
731 3791 764 3842 de
784 3806 856 3856 aqua
874 3791 1045 3856 prosiliente.
1083 3792 1205 3843 eiusdem
1228 3797 1292 3844 sunt
1314 3793 1418 3843 radicis

297 3890 359 3924 acer
378 3875 465 3939 aquila
483 3891 550 3940 aquo
568 3879 654 3926 oculus
672 3876 738 3926 alia.
775 3881 806 3927 ut
824 3879 917 3926 autem
936 3877 1046 3926 omnino
1070 3877 1099 3925 in
1117 3877 1208 3942 prisco
1227 3893 1351 3928 sermone
1369 3893 1418 3927 no·

297 3959 389 4008 tiones
408 3974 478 4023 quae
498 3963 561 4010 sunt
577 3960 671 4024 cohors
685 3966 713 4012 et
729 3963 826 4012 scdaell
843 3963 871 4010 in
889 3977 969 4011 unum
984 3960 1186 4011 confunduntur
1205 3959 1254 4028 (cl.
1268 3956 1359 4026 θοός),
1377 3963 1419 4014 ita

298 4032 377 4094 νίκων
401 4058 507 4109 quoque
530 4049 674 4110 utramque
697 4061 752 4096 non
775 4047 863 4096 minus
887 4043 973 4096 hahet
995 4048 1118 4096 iunctam
1148 4061 1228 4111 quam
1250 4047 1338 4113 ipsum
1357 4064 1418 4098 acer

298 4127 471 4179 vocabulum.
1258 4151 1260 4154 ·
1342 4162 1344 4164 -

364 4211 386 4277 4)
413 4213 554 4279 Lycaonis
581 4214 690 4279 quidam
714 4214 785 4264 filius
808 4215 933 4280 Apollod.
957 4216 998 4266 111
1022 4218 1051 4278 8,
1078 4218 1091 4266 1
1115 4206 1259 4281 Ἀκόντης,
1288 4215 1414 4280 idemque

297 4296 393 4363 Steph.
407 4299 473 4363 Byz.
489 4314 510 4349 s.
525 4314 551 4350 v.
568 4290 710 4349 Ἀκόντιον
726 4304 900 4364 nuncupatur
916 4291 1062 4360 Ἀκόντιος.
1097 4291 1239 4360 Ἀκοντεύς
1257 4315 1356 4350 nomen
1375 4306 1418 4350 est

300 4381 375 4435 anth.
394 4383 425 4435 P.
445 4384 482 4434 VI
500 4385 545 4448 91,
568 4383 699 4434 Aconteus
717 4384 768 4436 Ov.
787 4387 851 4435 met.
870 4384 894 4435 V
912 4386 960 4436 201
981 4389 1009 4434 et
1026 4385 1110 4450 Verg.
1129 4385 1197 4436 Aen.
1215 4383 1255 4434 XI
1271 4386 1330 4434 612.
