3254 5158
672 416 859 482 ,3-

181 591 359 673 oppositio
382 611 431 650 me
455 590 580 673 quidem
602 589 703 651 iudice
726 591 845 652 inclusa
872 601 920 652 est
942 591 1152 672 Propertianis
1181 592 1320 656 versibus

203 697 254 754 III
276 704 311 758 33
321 694 350 768 b,
374 703 407 757 27
430 714 500 773 sqq.
550 711 553 718 ·

377 819 426 870 aut
443 815 509 886 quial
529 815 679 872 Erechthei
699 815 746 870 tihi
762 821 882 886 prorant
901 818 1029 871 carmina
1051 821 1138 872 colis?

418 918 460 972 ml
476 919 552 973 iuvat
571 921 600 972 in
621 931 722 988 maeno
745 923 835 974 vester
857 933 953 973 amore
972 933 1070 973 serere.

376 1027 405 1074 tu
426 1017 512 1074 hortiis
528 1017 670 1091 Meropem
694 1017 783 1074 Maris
802 1006 907 1074 ¹r'mr'tere
926 1019 1062 1076 Philetom
1076 1013 1118 1095 ¹),

419 1126 446 1175 et
465 1137 521 1176 noa
542 1121 632 1192 inflati
647 1119 753 1177 somnia
776 1120 943 1177 Callimachi.

266 1231 268 1236 Ι
289 1255 337 1312 Ne
361 1253 530 1332 disceptem
553 1274 635 1313 nunc
656 1255 757 1313 varias
781 1254 953 1313 criticorum
975 1251 1014 1313 de
1036 1275 1067 1314 v.
1090 1265 1125 1319 29
1147 1257 1319 1336 opiniones,

207 1375 282 1434 quas
299 1355 424 1433 copiose
447 1363 648 1434 pertractatas
666 1341 810 1414 invenies
826 1354 906 1434 apud
924 1355 1082 1432 Vngerum
1097 1359 1190 1416 anall.
1207 1347 1319 1418 Philet.

207 1469 237 1514 et
259 1457 352 1535 Prop.
374 1477 406 1534 p.
423 1464 457 1518 36
472 1478 551 1535 sqq.‚
575 1453 698 1516 codices
713 1455 814 1536 Neap.
839 1465 870 1514 et
886 1455 981 1517 Gron.
1004 1457 1157 1536 praebent
1171 1461 1323 1518 Erechthei

206 1557 318 1616 leniter
332 1565 450 1616 tantum
466 1557 659 1617 obscuratum
677 1557 789 1637 (Neap.
806 1559 933 1628 Erechtr',
958 1558 1054 1619 Gron.
1071 1556 1211 1638 Erether'),
1237 1560 1320 1639 quod

208 1656 348 1735 indigere
363 1666 436 1738 puto
451 1678 514 1717 non
531 1658 748 1718 emendatione
764 1658 818 1717 sed
835 1657 919 1718 re'cta
941 1659 1203 1738 interpretatione.
1230 1661 1320 1720 intel-

206 1758 276 1836 lego
301 1759 382 1818 enim
410 1780 476 1818 oum
497 1758 703 1838 Hertzbergio
736 1758 775 1817 de
805 1759 907 1840 aliquo
930 1759 1127 1833 Atheniensi.
1172 1763 1197 1821 is
1220 1772 1319 1822 autem

205 1879 268 1919 non
300 1869 347 1920 est
380 1881 471 1941 quem
499 1861 551 1922 ille
583 1862 650 1922 vult
678 1860 914 1940 Aeschylus,
949 1862 975 1920 si
1009 1862 1133 1941 quidem
1166 1861 1206 1922 ad
1238 1863 1321 1923 hunc

204 1963 353 2021 transitur
385 1962 506 2022 demum
531 1983 561 2022 v.
584 1971 614 2026 41
646 1966 739 2021 desire
760 1972 786 2020 et
806 1965 956 2038 Aeschyleo
978 1983 1004 2022 e.
1028 1984 1057 2042 q.
1081 1983 1115 2037 s.,
1144 1964 1201 2023 sed
1228 1963 1319 2039 idem,

205 2063 289 2122 cuius
312 2065 489 2123 memoriam
510 2065 603 2124 variis
626 2062 845 2124 mutationibus
869 2063 1015 2123 adhibitis
1038 2065 1089 2123 alii
1112 2064 1321 2124 reducendam

205 2164 369 2243 putabant,
393 2147 582 2225 Homerus
603 2185 713 2225 senex.
750 2166 832 2224 huno
855 2166 936 2224 enim
959 2173 1078 2226 constat
1099 2165 1232 2225 Athenis
1254 2167 1322 2224 vin-

209 2265 328 2326 dicasse
357 2287 421 2326 non
449 2268 531 2327 solos
553 2267 778 2341 Athenienses,
808 2268 886 2326 sicut
908 2267 1009 2326 estin
1033 2267 1258 2346 epigrammatis
1281 2267 1321 2326 de

204 2375 323 2446 septem
338 2367 462 2427 urbibus
484 2375 515 2426 et
535 2368 568 2427 in
584 2368 713 2427 nummis
731 2367 912 2448 quibusdam
922 2367 1161 2428 Atheniensium
1177 2370 1320 2449 antiquis,

205 2468 260 2526 sed
276 2489 344 2528 eum
358 2468 512 2548 Dionysio
528 2468 648 2529 Thrace
673 2469 822 2549 discipulo
841 2470 972 2548 aliisque
987 2470 1087 2548 ipsum
1101 2470 1320 2530 Aristarchum.

205 2571 290 2629 cuius
314 2572 524 2632 auctoritatem
548 2569 682 2630 dubitari
704 2572 817 2650 nequit
839 2571 914 2651 quin
931 2571 1017 2630 multi
1032 2579 1171 2630 veterum
1188 2572 1321 2650 amplexi

205 2673 276 2730 sint.
293 2673 332 2731 cf.
348 2673 505 2733 Welcker.
523 2693 572 2752 ep.
596 2673 674 2752 cycl.
690 2673 707 2732 I
722 2694 753 2752 p.
773 2679 830 2746 192,
854 2671 1064 2749 Sengebusch.
1088 2675 1213 2732 dissert.
1229 2673 1319 2730 Hom.
1364 2715 1368 2722 .

204 2773 273 2852 Ip.
297 2783 340 2847 31,
363 2775 398 2833 ΙΙ
420 2795 452 2854 Ρ.
474 2785 500 2836 4.

287 2875 433 2956 Denique
456 2875 618 2954 Eunapius
645 2873 714 2936 vitt.
737 2873 825 2951 soph.
849 2873 881 2930 in
903 2872 1084 2952 Diophanto
1112 2893 1144 2952 Ρ.
1169 2881 1217 2934 165
1244 2873 1322 2931 haec

204 2974 300 3034 verba
322 2976 410 3036 facit:
434 2963 453 3050 ἡ
475 2971 507 3036 δὲ
526 2963 603 3050 αὐτὴ
626 2969 698 3048 δόξα
710 2965 780 3034 τῶν
794 2961 965 3050 ἀνθρώπων
980 2960 1120 3032 κάκεῖνον
1135 2965 1319 3051 dordracum,

206 3065 275 3135 ὡσεὶ
298 3076 487 3154 Καλλίμαχον
504 3067 624 3160 Ὁμήρῳ
650 3097 695 3148 τις
717 3065 926 3150 ἀπιστήσειεν.
971 3096 1032 3156 quo
1055 3075 1122 3135 loco
1144 3075 1321 3136 Antimachi

205 3198 317 3238 nomen
351 3179 535 3239 substituere
564 3180 661 3238 voluit
688 3177 956 3258 Wyttenbachius.
1008 3197 1115 3236 verum
1148 3185 1231 3236 recte
1262 3176 1321 3235 hoc

205 3290 408 3341 commentum
438 3279 626 3361 improbatur
648 3280 792 3340 Heckero
823 3288 984 3339 comment.
1009 3279 1127 3339 Gallim.
1156 3301 1187 3358 p.
1212 3287 1262 3342 136
1291 3285 1322 3336 et

206 3381 314 3442 Stollio
336 3382 511 3442 Antimach.
534 3404 565 3462 Ρ.
589 3393 648 3446 108.

288 3484 409 3543 Horum
438 3504 516 3564 quos
543 3487 604 3548 iam
627 3485 784 3563 composui
808 3481 903 3542 Ovidi
925 3483 1068 3561 Properti
1091 3483 1217 3562 Eunapi
1239 3483 1320 3541 loco·

205 3580 302 3661 rum²)
328 3586 433 3645 nullus
457 3585 581 3665 quidem
603 3585 646 3643 ita
670 3594 716 3645 est
739 3593 947 3663 comparatus,
970 3590 1004 3642 ut
1025 3583 1249 3662 vituperandus
1272 3583 1320 3655 sit,

206 3687 259 3765 qui
280 3685 350 3746 illos
374 3687 413 3745 ad
436 3689 563 3747 Homeri
586 3687 617 3745 in
642 3688 745 3766 epico,
777 3685 956 3746 Callimachi
978 3686 1011 3743 in
1040 3686 1176 3762 elegiaco
1206 3703 1322 3760 genere

204 3787 411 3867 principatum
433 3797 567 3850 revocet.
614 3788 804 3867 Cyrenensis
828 3788 909 3848 enim
937 3795 1045 3866 poeta,
1076 3805 1114 3845 ex
1144 3806 1203 3865 quo
1226 3786 1320 3843 incla-

204 3931 404 3950 —A—-n-—u

272 4023 292 4088 ¹)
310 4024 389 4075 Libri
407 4024 536 4075 meliores
550 4033 575 4075 ta
587 4027 667 4076 sottus
678 4039 816 4076 merrorem.
835 4023 1012 4072 coniecturas
1024 4022 1119 4087 recepi
1131 4021 1237 4086 Bergki
1250 4021 1319 4070 Her·

206 4107 319 4162 mesian.
339 4108 374 4160 el.
388 4125 414 4175 p.
428 4111 460 4159 38
479 4109 613 4172 Meropem
631 4113 660 4157 et
678 4107 884 4158 Schneidewini
902 4106 998 4172 philol.
1013 4108 1024 4156 l
1044 4124 1070 4172 p.
1085 4108 1134 4157 170
1152 4107 1245 4157 Latiis.
1265 4105 1319 4154 Vn·

206 4207 287 4256 gerus
306 4193 392 4246 anall.
410 4193 511 4243 Philet.
532 4197 560 4242 et
577 4195 658 4257 Prop.
678 4207 704 4256 p.
724 4194 756 4241 39
776 4193 847 4246 coni.
883 4200 909 4240 tu
926 4195 1009 4241 sottus
1026 4206 1156 4240 memorem
1174 4192 1250 4238 lasus.

272 4275 294 4341 ²)
313 4279 453 4344 Singulari
479 4276 595 4327 consilio
623 4276 767 4326 Homero
796 4279 969 4342 opponuntur
992 4274 1158 4324 Parthenius
1181 4270 1321 4337 Euphorio

206 4362 442 4414 Callimachus
462 4379 478 4412 a
496 4362 623 4411 Lucieno
642 4361 675 4410 de
694 4361 777 4410 scrib.
795 4361 859 4412 hist.
872 4363 915 4410 57.

1074 4441 1117 4504 1*
