3254 5158
634 455 840 520 ,21-

176 631 314 692 videmur
336 633 550 710 grammaticos
574 630 612 691 de
635 631 765 710 singulis
789 633 889 712 poetis
908 640 990 692 recte
1006 632 1205 694 aestimandis
1222 654 1293 694 oon·

177 743 330 794 certantes
358 743 451 813 atque
488 733 683 793 altercantes,
727 754 763 793 ac
790 734 921 794 vidimus
950 733 1141 814 quorundam
1169 735 1294 804 nomina

175 845 334 916 poetarum
356 835 512 914 signorum
533 835 708 894 militarium
723 837 820 895 instar
836 837 930 909 elata,
954 837 1035 896 cirea
1050 855 1129 916 quae
1145 857 1292 916 gramma-

175 940 303 999 ticorum
330 937 469 997 cohortes
497 957 564 996 cum
592 956 708 996 summa
736 938 867 1017 partium
894 940 1094 998 contentione
1125 959 1292 1018 congrega-

174 1049 288 1100 rentur.
332 1041 415 1099 inter
436 1038 601 1118 signiferos
625 1046 727 1098 autem
749 1037 904 1099 eminebat
929 1041 1109 1101 auctoritate
1133 1040 1292 1120 Cyrenen·

174 1143 230 1214 sis,
263 1143 316 1222 qui
337 1148 400 1200 tam
421 1140 640 1219 superciliosus
664 1147 730 1199 erat
753 1141 887 1214 criticus,
915 1148 949 1200 ιιι
971 1140 1128 1201 custodem
1152 1161 1220 1202 eum
1241 1143 1293 1201 vel

174 1243 381 1323 apparitorem
403 1239 557 1321 publicum
579 1241 723 1321 Hedylus
747 1242 868 1302 dixerit.
912 1264 983 1304 nam
1007 1241 1044 1302 Ο.
1069 1243 1292 1304 Schneiderum

173 1345 313 1424 prolegg.
329 1344 362 1402 in
379 1351 437 1403 aet.
454 1363 485 1421 p.
501 1349 518 1404 3
540 1351 624 1402 recte
647 1352 818 1403 assecutum
833 1352 906 1422 puto
923 1343 1019 1403 verba
1035 1352 1128 1423 etym.
1144 1365 1183 1403 m.
1199 1366 1231 1424 p.
1247 1352 1290 1418 72,

173 1454 219 1505 12:
253 1435 420 1522 ἀλυτάρχης
447 1489 454 1502 .
479 1489 485 1500 .
511 1487 518 1501 .
544 1433 672 1514 Ἡδύλος
706 1441 737 1504 δὲ
765 1441 805 1514 εἰς
837 1433 874 1501 rei
908 1435 1115 1522 ἐπιγράμματα
1145 1441 1202 1517 (ita
1232 1444 1289 1517 Vb,

174 1549 269 1607 ceteri
298 1546 388 1606 codd.
417 1542 457 1614 εἰς
485 1533 542 1619 τὴν
575 1538 763 1624 ἐπιγραφήν)
791 1537 984 1622 Καλλιμάχου
1012 1535 1062 1603 daei
1091 1537 1146 1604 δύο
1174 1536 1291 1622 λάμβδα

173 1637 308 1723 ὀνομάζει
330 1635 399 1716 τοὺς
422 1636 530 1716 ἀλύτοις
552 1637 687 1717 diluitur.
705 1679 745 1688 —-
761 1667 797 1706 ac
818 1667 942 1726 possem
965 1646 1128 1727 disputatis
1151 1667 1205 1726 pro
1221 1647 1290 1706 fun·

173 1749 317 1810 dumento
346 1756 436 1808 utens
465 1749 551 1808 vario
579 1750 669 1808 modo
696 1748 777 1808 hanc
805 1768 942 1808 caussam
971 1768 1120 1808 exornare
1154 1749 1290 1828 illaeque

173 1860 277 1931 partes
301 1869 453 1931 quaenam
476 1849 575 1910 fuisse
603 1850 785 1911 viderentur
807 1851 904 1910 fusius
928 1851 1092 1930 explicare.
1137 1850 1193 1908 sed
1217 1870 1289 1930 quo·

173 1953 254 2013 niam
281 1952 340 2012 alio
370 1951 468 2030 adigit
494 1950 650 2011 scribendi
678 1951 852 2025 consilium,
882 1960 1019 2012 extrema
1046 1952 1236 2011 lineamenta
1257 1953 1290 2010 in

171 2055 331 2133 praesenti
354 2056 428 2113 satis
450 2053 550 2113 habeo
574 2051 785 2113 adumbrasse.

255 2156 392 2228 Tenuia,
423 2154 506 2235 quod
536 2154 576 2213 ad
606 2154 708 2214 thesin
732 2163 882 2228 nostram,
912 2155 1034 2234 singula
1061 2155 1122 2214 ista
1149 2155 1289 2231 vestigia,

172 2257 227 2317 sed
257 2259 326 2337 ipso
355 2276 509 2316 consensu
541 2256 673 2334 insigni,
709 2276 769 2336 quo
800 2257 946 2336 religiose
980 2264 1221 2336 persequentem
1249 2254 1290 2314 ad

173 2359 306 2419 eundern
329 2359 431 2419 omnia
453 2359 545 2417 finem
568 2356 696 2430 ducant,
728 2366 811 2417 certa
838 2359 1021 2439 graviaque,
1051 2358 1160 2436 utqui
1184 2377 1291 2435 parum

172 2461 224 2519 illa
253 2459 336 2538 apud
367 2479 401 2518 se
426 2459 534 2535 ¹valere
563 2460 710 2538 patiatur,
740 2459 765 2519 is
794 2459 937 2519 inludere
959 2460 1032 2519 mihi
1055 2458 1197 2518 videatur
1223 2459 1291 2516 veri

172 2559 373 2622 similitudini.

254 2659 322 2721 Nec
351 2682 424 2722 vero
453 2665 535 2722 inest
568 2663 601 2721 in
636 2663 705 2742 ipsa
733 2682 855 2735 caussa,
892 2683 996 2742 quam·
1009 2662 1144 2720 locorum
1172 2661 1291 2740 aliquot

171 2763 310 2824 subtilius
344 2764 567 2844 explicatorum
601 2765 766 2823 coniuncta
792 2764 824 2821 vi
858 2761 990 2841 probare
1021 2761 1205 2833 studuimus,
1237 2779 1290 2819 cur

171 2866 236 2945 quis
271 2885 383 2943 magno
418 2865 575 2925 molimine
608 2864 775 2923 reluctetur
810 2883 846 2921 ac
874 2864 1103 2941 tergiversetur.
1148 2862 1289 2920 nimirum
1379 2919 1384 2932 ,

172 2966 375 3026 Callimachus
404 2968 497 3026 talem
523 2985 592 3025 sese
622 2973 747 3045 poetam
774 2965 949 3045 profitetur,
983 2965 1036 3044 qui
1067 2983 1133 3022 cum
1163 2963 1287 3022 omnino

172 3051 324 3148 exquisita
354 3069 521 3128 carminum
548 3075 628 3141 arte,
662 3077 726 3127 tum
761 3063 835 3125 vero
864 3068 896 3126 in
929 3066 1171 3138 narratione,
1206 3063 1288 3144 quod

151 3149 299 3230 ¹maxime
328 3189 411 3229 nunc
439 3168 479 3227 ad
514 3189 570 3229 nos
604 3169 755 3248 pertinet,
792 3188 916 3228 rerum
950 3168 1126 3228 novitate
1159 3167 1288 3225 lectores

170 3273 246 3330 velit
269 3273 403 3330 excitare
427 3291 463 3329 ac
486 3270 652 3330 delectare.
698 3259 907 3350 quaecumque
929 3270 1022 3348 igitur
1043 3276 1218 3347 poematum
1241 3287 1288 3324 ar·

170 3380 315 3449 gumenta
332 3375 439 3447 publici
457 3377 527 3430 iuris
549 3378 634 3444 sunt,
663 3379 697 3430 ut
718 3372 865 3432 Horatius
887 3370 908 3429 l.
933 3391 958 3429 c.
981 3371 1131 3450 loquitur,
1165 3389 1202 3428 ea
1225 3368 1290 3427 odit

171 3482 200 3532 et
222 3482 315 3534 arcet.
346 3494 407 3554 qua
429 3475 462 3532 in
485 3493 518 3533 re
542 3493 600 3534 nec
627 3474 710 3544 sciri,
727 3481 830 3553 potest
851 3491 909 3531 nec
931 3491 1006 3531 vero
1033 3470 1161 3530 multum
1182 3470 1287 3542 refert,

169 3583 267 3634 utrum
289 3573 408 3635 fabulas
431 3574 469 3635 ab
491 3575 628 3634 Homero
661 3582 806 3634 tractatas
834 3573 924 3631 huius
954 3572 1074 3632 demum
1103 3591 1198 3652 opera
1220 3591 1288 3651 per-

170 3678 309 3754 vulgatae
333 3696 402 3736 esse
425 3676 580 3748 statuerit,
604 3683 637 3734 ιιι
659 3676 728 3754 ipse
752 3674 877 3755 quidem
898 3673 950 3733 ille
973 3695 992 3733 a
1014 3674 1139 3732 crimine
1162 3667 1290 3747 δημόσια

170 3777 318 3838 cecinisse
340 3776 418 3838 liber
440 3777 546 3850 fuerit,
575 3796 616 3835 an
643 3778 800 3836 materiem
830 3775 890 3834 iam
918 3775 1100 3854 popularem
1122 3775 1289 3833 Homerum

170 3881 342 3958 suscepisse
371 3879 512 3938 maluerit
539 3877 674 3938 credere.
719 3895 811 3936 nosse
841 3875 986 3948 sufficiat,
1012 3873 1192 3934 Callimachi
1220 3895 1287 3934 sen-

170 3999 243 4038 ιιιιιι1
262 3980 300 4040 ab
322 3981 496 4041 Homericis
525 3977 708 4039 carminibus
737 3977 946 4049 abhorruisse,
975 3984 1009 4035 ut
1031 3995 1111 4055 quae
1141 3976 1288 4036 destituta

171 4220 198 4277 δ’
217 4219 253 4281 dv
271 4247 313 4290 τις
329 4222 488 4298 Ἀρχιλόχου
505 4223 559 4296 μὲν
577 4222 629 4295 τὴν
647 4221 799 4291 ὑπόθεσιν,
823 4225 1011 4293 Παρμενίδου
1030 4220 1063 4278 δὲ
1081 4207 1134 4292 τὴν
1146 4241 1288 4292 στιχοποι-

171 4311 218 4362 ίαν
236 4331 259 4365 e.
280 4331 308 4380 q.
326 4331 347 4365 s.
384 4315 486 4366 similia
510 4315 594 4365 etiam
616 4315 741 4365 Iulianus
764 4313 899 4379 misopog.
924 4312 985 4362 init.
1011 4317 1039 4362 et
1061 4310 1204 4376 Meleager
1226 4310 1286 4358 sivo

171 4412 319 4464 anonymus
338 4399 412 4452 anth.
431 4401 462 4450 P.
482 4400 535 4450 VII
553 4399 612 4462 352,
632 4399 647 4448 ὅ
666 4413 706 4462 sq.
