3254 5158
611 405 821 469 ..35-

159 573 316 656 σπήλαιον.
361 580 413 660 qui
437 578 655 641 Callimachum
677 578 710 638 ni
740 578 832 638 fallor
851 579 987 658 respicit.
1021 600 1091 640 nam
1113 567 1287 658 praeterea

160 683 383 741 nominativum
405 673 524 755 φωλεόν
546 699 608 738 non
628 679 687 738 nisi
704 680 894 740 aNicandro
907 681 965 759 frg.
981 688 1017 746 83
1032 681 1124 743 Schn.
1141 690 1172 740 et
1185 680 1275 740 Anti·
1363 738 1365 744 ,

160 791 249 862 patro
266 782 351 843 anth.
368 783 403 842 P.
419 783 469 842 IX
484 789 545 854 302,
558 787 576 842 4
594 789 625 840 et
640 778 764 861 quidem
780 781 819 841 de
835 783 1023 861 serpentium
1041 782 1133 841 cubili
1148 783 1275 842 invenio

159 892 348 964 usurpatum.
393 882 527 961 ambigui
549 893 650 942 autem
678 882 801 960 generis
825 892 873 942 est
893 884 961 942 Nic.
984 883 1062 943 ther.
1086 893 1129 946 32.
1166 892 1277 944 contra

159 975 274 1060 φωλεός
302 984 473 1045 scholarum
501 984 597 1044 aedes
627 985 723 1044 fuisse
751 983 931 1063 perhibetur
959 1004 977 1042 a
1004 984 1131 1044 Polluce
1159 986 1206 1046 lv
1234 984 1275 1058 1'9,

159 1088 212 1146 IX
233 1094 276 1160 41,
306 1087 339 1144 in
369 1095 461 1166 etym.
485 1108 524 1146 m.
547 1108 579 1167 p.
604 1098 663 1163 130,
685 1095 729 1161 47,
759 1089 792 1146 in
821 1094 914 1164 etym.
939 1084 1020 1146 eus.
1044 1106 1076 1169 p.
1099 1094 1142 1159 70,
1173 1098 1215 1160 11,
1244 1088 1277 1144 in
1320 1143 1323 1148 ,

161 1197 256 1266 etym.
281 1185 404 1246 Orionis
426 1208 457 1266 p.
475 1199 516 1262 lt,
535 1199 558 1262 1,
582 1188 634 1248 ubi
657 1185 768 1262 φωλεοί
788 1186 985 1246 scribendum
1008 1205 1076 1246 esse
1099 1207 1155 1265 pro
1178 1180 1278 1262 φωλεά

161 1297 331 1347 ceterorum
354 1307 507 1349 consensu
529 1288 684 1369 probatur,
705 1309 723 1347 a
746 1288 843 1349 Suida
865 1308 888 1348 s.
911 1309 946 1348 v.
965 1281 1091 1365 φωλεόν,
1115 1286 1167 1346 uhi
1191 1287 1277 1346 accu-¹

160 1390 278 1449 sativus
305 1389 510 1467 intellegitur,
541 1400 572 1449 et
601 1409 624 1448 s.
647 1409 677 1450 v.
704 1377 884 1464 ἀποφώλιοι.
928 1397 1021 1469 atque
1050 1389 1125 1448 alias
1155 1409 1277 1470 quoque

161 1481 269 1549 crebro
292 1483 458 1564 patriciu
480 1490 636 1550 veteribus
658 1491 767 1551 lexicis
790 1499 1049 1550 commemoratur.

248 1623 392 1684 Ceterum
419 1625 526 1685 mirum
547 1626 647 1698 foret,
677 1625 710 1684 ni
729 1633 831 1704 poeta
848 1632 890 1694 ¹ut
917 1625 952 1682 in
978 1643 1012 1684 re
1041 1625 1189 1684 amatoria
1215 1645 1278 1686 una

162 1746 231 1784 cum
257 1725 330 1786 ludo
358 1724 533 1806 balneoque
563 1735 594 1786 et
622 1727 863 1806 gymnasium
890 1734 1098 1786 memorasset.
1148 1727 1276 1786 Parthe-

161 1828 232 1885 nius
261 1846 342 1884 narr.
373 1835 469 1889 ami
498 1827 538 1886 de
560 1827 740 1888 Antileonte
768 1827 977 1906 Hipparinum
1006 1826 1214 1907 depereunte:
1246 1817 1278 1896 ὃς

160 1915 257 1988 πολλό
277 1920 487 2004 μηχανώμενος
509 1917 626 2010 οὐδαμῇ
648 1915 773 1998 δυνατός
794 1908 833 2002 ήν
855 1915 1060 2004 ἁρμόσασθαι,
1083 1923 1152 2004 περὶ
1173 1924 1206 1986 δέ
1227 1949 1279 2006 μυ-

161 2026 274 2106 μνολσια
298 2025 478 2107 διατρίβοντι
500 2016 594 2086 πολλὰ
615 2025 660 2114 τρῖ
679 2024 765 2086 παιδὶ
787 2025 942 2108 προσρυεὶς
958 2025 1016 2104 ἐφη
1031 2029 1171 2087 τοσοῦτον
1186 2019 1281 2088 αὐτοῦ

161 2122 263 2188 πόθον
285 2127 364 2207 ἔχειν
387 2149 414 2190 e.
439 2150 469 2209 q.
491 2151 516 2193 s.
541 2129 666 2194 Obarito
688 2132 705 2189 I
728 2141 753 2204 l,
778 2139 827 2194 10:
862 2123 967 2188 ἐπόθει
991 2126 1022 2189 δὲ
1050 2118 1082 2188 τό
1112 2123 1285 2209 γυμνάσιον

162 2227 296 2310 Χαιρέαν
328 2227 379 2289 καί
414 2221 512 2310 ὥσπερ
542 2228 653 2310 ἐρημον
680 2211 733 2306 ήν·
767 2226 860 2307 ἐφίλει
893 2220 950 2310 γὰρ
983 2220 1075 2290 αὐτόν
1102 2223 1122 2306 ή
1152 2231 1253 2290 νεολαί
1273 2253 1286 2290 .·

161 2334 344 2394 Plutarchus
366 2335 503 2392 Demetr.
527 2341 576 2394 24:
607 2327 719 2403 ἐκεῖνος
746 2324 803 2409 γὰρ
831 2315 871 2407 ἦν
894 2328 936 2389 ἐτι
963 2335 1034 2403 παῖς
1060 2321 1181 2409 όνηβος,
1225 2321 1281 2392 οὖν

163 2433 255 2494 ἔλαθε
286 2430 318 2493 δὲ
350 2423 401 2493 τόν
435 2425 607 2512 Δημήτριον
641 2429 716 2508 ἔχων
748 2432 801 2508 τῆς
829 2420 991 2510 εὐμορφίας
1023 2422 1078 2510 τήν
1111 2430 1280 2510 ἐπωνυμίαν

163 2527 344 2616 κατήγορον·
368 2530 497 2595 ἐκαλεῖτο
518 2525 575 2614 γὰρ
593 2523 783 2610 Δημοκλῆςδ
804 2528 902 2606 καλός.
925 2523 964 2606 ὡς
986 2530 1019 2594 δὲ
1039 2524 1133 2593 πολλοὶ
1155 2532 1279 2612 πειρών-

163 2659 224 2696 των
256 2632 306 2694 aui
334 2627 477 2695 διδόντων
504 2632 555 2694 καί
583 2628 761 2712 φοβούντων
788 2624 841 2692 ὑπ’
871 2625 993 2704 οὐδενὸς
1019 2624 1169 2717 ήλίσηετο,
1202 2634 1281 2708 τέλος

165 2735 198 2798 δὲ
226 2728 345 2815 φεόμων
376 2728 428 2808 τόις
460 2735 641 2816 παλαίστρας
667 2732 718 2793 καλ
746 2726 779 2793 τό
805 2727 971 2813 γυμνάσιον
998 2733 1041 2806 εἴς
1068 2757 1096 2792 τι
1123 2735 1281 2812 βαλανεῖον

48 2857 51 2872 ·
165 2829 317 2898 ἰδιωτικόν
346 2835 449 2912 ἐφοίτα
472 2829 648 2915 λουσόμενος
661 2834 702 2915 ¹),
733 2828 910 2912 ἐπιτηρήσας
932 2824 984 2894 τόν
1007 2825 1111 2912 καιρόν
1133 2825 1148 2893 ό
1173 2829 1281 2913 Δημή-
1313 2867 1314 2871 =
1413 2837 1415 2840 ’

164 2961 247 3018 τριος
268 2936 443 3016 ἐπεισῆλθεν
465 2930 547 3021 αὐτῷ
568 2932 661 3021 μόνῳ.
698 2958 734 2997 ac
756 2938 868 2997 similia
889 2937 980 2996 facile
1004 2937 1197 2998 Charitoneis
1220 2939 1280 2997 illis

164 3042 301 3104 hahebat
325 3041 540 3102 Callimachus.
591 3060 681 3120 quem
711 3039 835 3119 quidem
856 3039 946 3119 plura
968 3039 1165 3099 Arlstaeneto
1189 3038 1281 3098 docu-

166 3152 273 3204 menta
294 3141 436 3223 publicae
452 3141 663 3202 admirationis
677 3161 862 3201 memorasse
879 3142 992 3200 e'vincit
1007 3141 1065 3219 frg.
1084 3150 1141 3214 λον,
1163 3141 1281 3201 Athen.

166 3247 230 3306 XV
251 3253 304 3308 668
323 3244 359 3304 h:

253 3359 304 3421 καὶ
326 3359 512 3440 Καλλίμαχος
535 3357 567 3420 δέ
587 3376 661 3436 φησι

370 3460 473 3522 πολλοὶ
495 3460 545 3522 ταὶ
568 3459 718 3540 φιλέοντες
735 3449 889 3522 Ἀκόντιον
910 3445 990 3538 ἧκαν
1012 3457 1095 3538 ἔραζε
1297 3489 1326 3529 lv

412 3556 565 3626 οἰνοπόται
588 3552 715 3634 Σικελός
737 3557 769 3620 ἐκ
792 3562 922 3624 κυλίκων
944 3556 1080 3642 λάταγας.

170 3718 355 3798 eademque,
385 3719 446 3777 nisi
473 3717 557 3798 quod
584 3705 725 3774 ιἰιιόντιον
752 3698 828 3790 ἧκον
850 3715 934 3795 apud
955 3714 1150 3774 Dindorfium
1172 3715 1284 3791 legitur

168 3821 269 3880 minus
297 3829 400 3894 rectey
425 3819 589 3880 scholiasta
616 3817 709 3876 habet
731 3816 888 3896 Aristoph.
912 3815 1042 3894 ad'pac.
1068 3823 1144 3877 1244.
1187 3813 1283 3872 verba

170 3930 272 3981 autem
294 3920 473 3981 Callimachi
496 3941 514 3978 a
528 3920 672 3980 Bentleio
697 3937 765 3978 esse
782 3917 828 3977 ad
845 3915 1010 3996 Oydippae
1033 3916 1164 3993 elegiam
1186 3916 1284 3975 relata

170 4023 296 4083 uomIne
317 4022 433 4082 Aconti
454 4023 609 4096 restituto,
639 4021 699 4078 iam
726 4039 819 4099 supra
840 4019 954 4078 monui.
999 4027 1070 4098 post
1092 4038 1183 4097 quem
1205 4017 1283 4075 infe·
1311 4075 1313 4080 ,

241 4256 260 4322 ¹)
277 4257 356 4325 Apud
375 4254 573 4307 Callimachum
592 4271 698 4322 quoque
716 4260 874 4323 separatum
891 4253 1022 4305 balneum
1041 4252 1112 4318 quod
1128 4266 1183 4302 non
1202 4248 1285 4298 fuerit

171 4341 201 4388 in
218 4342 362 4406 gymnasio
380 4341 490 4392 videtur
507 4341 634 4392 indicari.
671 4340 707 4391 cf.
727 4339 843 4392 Theocr.
863 4340 954 4390 XXIII
972 4341 1013 4390 st.

1038 4420 1084 4482 3*
