3254 5158
735 419 945 485 ..50-

282 597 440 677 p'roposita
462 616 534 654 num
556 595 589 653 in
618 595 725 654 horum
752 615 878 655 numero
906 596 980 668 siut,
1012 615 1090 675 quae
1118 597 1321 676 antiquiorem
1344 617 1393 655 au·

281 698 454 758 ctoritatem
476 716 551 776 prae
573 717 606 756 se
630 698 740 770 ferant,
764 696 965 756 vehementer
988 696 1133 777 equidem
1156 696 1271 782 dubito.

363 800 405 858 Et
425 803 539 874 pencris
565 801 717 872 imparitas
747 797 871 878 quidem
893 819 956 858 non
980 799 1040 858 nisi
1064 819 1102 858 ex
1126 819 1174 877 ep.
1197 799 1262 866 XX
1287 809 1319 861 13
1343 799 1394 857 de·
1423 865 1428 874 ¹

254 924 256 928 ·
280 903 379 960 rivata
395 909 450 975 est,
467 899 507 959 ad
524 921 614 980 quem
626 920 747 958 versum
763 898 965 978 depravatum
981 901 1071 974 (nanc
1085 918 1196 975 quoque
1211 905 1285 959 idem
1301 904 1394 974 timeo)

231 1057 239 1074 ,
279 1001 434 1062 Antonius
458 1001 601 1061 adnotat:
623 1005 711 1061 Iliad.
741 1005 815 1059 idem
835 1006 889 1060 mei
909 1006 1035 1077 eoniapii
1054 1010 1232 1076 contemptas
1254 1011 1282 1060 et
1303 1007 1395 1060 timor.

282 1103 391 1183 quibus
408 1104 563 1183 antiquius
580 1107 628 1162 est
645 1102 798 1162 distichon
820 1102 929 1162 eodem
944 1112 1098 1182 spectans,
1116 1103 1199 1184 quod
1215 1105 1247 1162 in
1263 1104 1394 1163 nonnul-

281 1206 318 1264 lis
335 1204 491 1265 codicibus
509 1214 539 1265 et
555 1203 743 1264 editionibus
759 1204 830 1262 huic
846 1205 997 1284 epistulae
1012 1207 1182 1284 praefixum
1198 1215 1260 1264 est:
1284 1210 1391 1280 accipe,

282 1309 422 1382 Uydippe,
440 1311 605 1380 despecti
625 1322 727 1364 nomen
742 1309 845 1364 Aconti
862 1308 866 1380 1
886 1309 962 1364 iliius
976 1311 1006 1365 in
1016 1326 1103 1381 pomo
1118 1312 1169 1382 qui
1182 1310 1233 1366 tihi
1246 1310 1333 1366 uerba
1348 1311 1395 1365 de-

281 1411 330 1466 dit.
354 1407 470 1467 deinde
485 1407 561 1468 illud
577 1428 643 1466 nam
659 1425 732 1482 quae
748 1416 815 1466 ante
831 1412 898 1466 deas
912 1411 1079 1467 dicerentur
1095 1429 1122 1468 e.
1140 1430 1170 1489 q.‘
1186 1429 1210 1468 s.
1228 1428 1295 1467 eam
1310 1429 1395 1487 pror·

282 1528 333 1568 sus
356 1509 467 1567 faciem
486 1508 596 1582 habet,
618 1517 651 1568 ut
668 1529 685 1568 e
707 1529 808 1568 rerum
829 1529 911 1569 nexu
931 1511 1033 1569 fictum
1048 1510 1200 1569 videatur.
1230 1510 1395 1570 contuleris
1423 1501 1425 1504 ⁵

280 1610 375 1669 Pausi
396 1611 430 1670 II
451 1619 482 1680 2,
508 1623 517 1672 1
551 1612 671 1670 similia.
716 1609 799 1690 quod
825 1630 899 1670 vero
930 1613 1135 1671 Buttmanuus
1165 1610 1202 1671 ab
1233 1609 1395 1671 Ovidianis
1426 1611 1429 1616 ’

282 1712 491 1790 discrepantia
512 1713 545 1770 in
568 1713 629 1772 illis
652 1718 724 1771 notis
747 1711 787 1770 ad
811 1731 858 1791 ep.
874 1713 940 1772 XX
962 1715 1066 1773 inesse
1090 1713 1171 1786 dicit,
1194 1712 1228 1771 id
1251 1734 1314 1774 non
1337 1714 1397 1772 nisi

281 1812 320 1871 ad
343 1812 420 1871 haec
442 1813 538 1873 verba
561 1822 702 1892 spectare
718 1822 822 1893 potest
838 1833 917 1894 quae
933 1816 1050 1873 suntin
1066 1814 1184 1874 Antoni
1200 1823 1396 1892 argumento:

280 1915 317 1972 Id
333 1915 470 1988 sponsam)
487 1935 551 1974 cum
567 1933 654 1975 sacra
670 1919 846 1973 ministraret
862 1924 929 1974 ante
944 1920 1014 1974 deae
1030 1920 1215 1974 simulacrum
1230 1921 1265 1973 in
1280 1921 1312 1974 si
1317 1936 1396 1974 nam

276 2021 427 2090 paellae
447 2021 579 2090 proiecit.
612 2017 742 2095 athaes
764 2037 828 2075 non
851 2018 912 2076 nisi
927 2018 1148 2096 neglegentiae
1165 2016 1318 2076 debentur
1332 2017 1396 2077 An-

280 2118 355 2192 toni,
380 2119 433 2197 qui
456 2139 548 2197 poma
570 2118 654 2198 apud
675 2126 798 2178 veteres
821 2119 988 2198 scriptores
1011 2139 1106 2198 saepe
1122 2120 1154 2177 in
1170 2121 1256 2178 sinus
1279 2119 1396 2198 puella·

176 2283 181 2291 ,
279 2241 345 2278 rum
366 2221 448 2278 iacta
470 2220 690 2298 intempestive
713 2221 861 2279 meminit.
892 2228 990 2286 restat
1002 2221 1149 2279 memoria
1164 2239 1317 2280 sacrorum
1333 2221 1396 2280 De·

279 2322 424 2381 liaeorum
451 2332 606 2396 coetusque
637 2325 793 2396 virginum,
830 2323 879 2380 eui
912 2322 1086 2382 interfuerit
1115 2322 1271 2402 Cydippa.
1317 2343 1397 2402 quae

281 2443 465 2502 quamquam
488 2425 710 2483 aButtmanno
727 2424 746 2481 l.
764 2443 789 2481 c.
813 2444 877 2482 non
900 2423 1094 2496 adsciscitur,
1119 2433 1223 2482 tamen
1246 2425 1312 2484 sola
1328 2444 1396 2482 cum

280 2524 403 2583 videtur
418 2525 617 2608 permovisse,
634 2532 667 2582 ut
682 2546 713 2603 p.
729 2532 776 2587 117
789 2525 967 2604 simpliciter
982 2535 1114 2603 poneret
1129 2529 1223 2584 dieser
1236 2528 1397 2600 (Attonitos)

280 2627 389 2700 besana
402 2629 463 2685 sici
479 2628 534 2684 hei
548 2627 877 2700 demjuehriiehen
892 2643 1046 2700 crossen
1061 2629 1168 2685 Feste
1187 2648 1224 2686 za
1239 2630 1324 2687 Delos
1339 2633 1400 2686 und

280 2730 414 2786 solidari
434 2732 480 2786 cin
500 2732 545 2788 die
560 2729 794 2786 Herriiehlreiten
815 2731 865 2786 des
884 2729 950 2786 Orts
971 2731 1000 2785 in
1015 2729 1185 2804 Bepieitunp
1206 2733 1287 2788 ihrer
1302 2736 1398 2788 Amme

280 2832 493 2889 heschuuendes
507 2848 539 2889 so
554 2831 858 2888 schoenesMcedchen
875 2848 902 2889 e.
916 2823 946 2909 q.
960 2849 983 2887 s.
1002 2849 1101 2909 eoque
1118 2839 1149 2889 et
1164 2831 1222 2910 frg.
1241 2831 1323 2911 quod
1340 2852 1397 2891 nos

280 2933 437 3010 posuimus
452 2951 511 2991 v111
534 2932 594 2994 iam
616 2931 747 2990 referret
772 2930 816 3010 (p.
835 2928 909 3008 125).
940 2939 1023 2989 certe
1047 2932 1106 2990 alio
1127 2933 1219 2992 modo
1235 2933 1311 2992 illud
1334 2954 1397 2993 non

282 3032 434 3112 probavit.
479 3041 510 3092 at
532 3018 680 3106 fatebere,
704 3033 782 3092 haec
805 3052 927 3112 quoque
944 3031 1062 3091 Antoni
1077 3033 1174 3092 verba
1189 3035 1280 3094 facile
1296 3035 1397 3094 redire

282 3133 322 3193 ad
346 3135 551 3193 coniecturam
572 3133 705 3193 hominis
728 3134 823 3193 multa
837 3143 976 3193 veterum
992 3143 1148 3193 auctorum
1170 3136 1306 3195 lectione
1331 3156 1397 3195 eru·

283 3235 337 3295 diti
352 3236 611 3316 Straboniauiquc
636 3234 675 3294 de
690 3234 828 3295 Deliacis
851 3235 1004 3313 virginum
1026 3237 1148 3316 pompis
1164 3238 1322 3296 testimoni
1337 3238 1398 3296 for·

279 3347 362 3398 tasse
384 3340 534 3397 memoris.
566 3357 750 3418 quamquam
770 3357 833 3396 nou
855 3356 953 3414 nego,
977 3337 1081 3398 forsan
1104 3339 1289 3416 glossemata
1306 3359 1398 3419 quae·

286 3438 357 3497 dam
379 3438 517 3498 codicum
540 3439 715 3517 antiquiora
737 3436 775 3495 ab
798 3437 937 3497 Antonio
963 3459 1031 3499 esse
1054 3439 1193 3498 adhibita
1203 3435 1238 3516 ¹).

282 3620 416 3670 nusquam
436 3604 508 3656 alias
525 3605 637 3656 invenio
655 3609 843 3657 memoratum.
867 3605 912 3656 vix
931 3611 1023 3656 autem
1036 3606 1229 3669 dubitaverim,
1249 3609 1314 3672 quin
1331 3607 1399 3657 illud

281 3694 472 3757 portentosum
490 3705 589 3741 nomen
608 3690 772 3741 Crustumeria
789 3691 886 3741 redeat
905 3691 940 3740 ad
957 3685 1138 3758 Χρυσονὸην,
1162 3707 1232 3757 quae
1251 3709 1269 3742 a
1288 3692 1398 3742 Conone

281 3791 354 3825 narr.
374 3778 406 3826 32
426 3774 492 3826 Cliti
511 3775 685 3826 Sithonum
710 3777 785 3841 regis
809 3775 866 3826 filia
890 3775 976 3826 tuisse
1000 3776 1169 3842 perhibetur.
1206 3777 1250 3844 cf..
1265 3777 1399 3827 Partheni

281 3876 354 3911 narr.
374 3875 425 3914 am.
445 3863 470 3910 6.

350 3942 371 4008 ¹)
389 3944 478 3996 Doleo
497 3945 568 4010 quod
586 3945 656 3995 nihil
675 3946 738 3995 dum
758 3945 879 4011 comperi
891 3945 925 3996 de
939 3947 1109 4012 argumentis
1123 3946 1302 4012 epistularum
1316 3944 1399 3997 Ovidi

283 4045 353 4095 quae
372 4034 435 4080 suut
452 4031 482 4079 in
499 4029 569 4080 libro
587 4030 715 4080 Mediceo
734 4031 803 4097 plut.
821 4030 937 4081 XXXVI
956 4031 1016 4083 cod.
1033 4033 1074 4081 27.
1111 4047 1174 4083 nam
1193 4031 1334 4082 Bendinus
1353 4048 1398 4081 ca·

282 4113 332 4163 tal.
352 4112 420 4163 bibl.
434 4115 516 4166 Laur.
529 4115 556 4163 11
575 4131 599 4178 p.
612 4117 662 4165 23⁷
681 4130 742 4164 eum
762 4115 904 4166 continere
923 4115 992 4166 dicit
1008 4118 1109 4180 yiossas
1126 4118 1312 4174 interlineares,
1324 4116 1397 4180 scleo-

282 4201 316 4249 iia
334 4201 370 4250 ad
385 4201 528 4264 marpinern,
547 4201 733 4249 cremationem
751 4202 776 4249 in
791 4203 929 4266 principio,
948 4202 1025 4250 uitam
1039 4209 1134 4264 poetae
1152 4203 1178 4250 in
1191 4203 1243 4264 line
1262 4207 1287 4250 ei
1304 4215 1397 4265 orpu-

283 4291 384 4333 menta
402 4285 432 4333 in
449 4285 593 4348 sinuatus
611 4286 781 4348 epistolas.
818 4286 928 4335 omnino
948 4283 1127 4350 epistularum
1145 4285 1209 4334 libri
1229 4284 1275 4349 qui
1292 4282 1398 4349 glosse-

284 4368 365 4418 matis
391 4368 447 4418 sint
472 4368 600 4418 instructi
626 4369 695 4418 satis
723 4369 881 4434 frequentes
907 4370 1092 4424 inveniuntur.
1127 4375 1158 4420 at
1184 4371 1315 4436 quantum
1340 4368 1399 4422 vidi
