3284 5158
673 428 905 492 -113-

234 622 291 680 ego
315 601 452 680 pandam
475 601 614 683 lepidum
636 603 803 676 artificium,
829 622 888 681 quo
913 602 985 662 olim
1000 603 1132 662 Acontio
1154 603 1261 662 iuveni
1283 583 1368 682 pul!

234 705 361 763 cerrimo
386 702 534 783 Cydippe
555 705 643 782 virgo
670 705 854 783 pulcerrima
876 725 953 764 uxor
975 705 1118 783 contigit,
1143 725 1179 764 11
1201 706 1351 765 sollemne

232 804 310 864 illud
338 825 457 864 sacrum
484 807 536 866 vel
687 805 772 885 quod
801 805 914 865 abhinc
947 815 1151 885 propagatum
1180 808 1253 866 est'
1303 807 1351 865 cni

233 907 398 986 suspitioni
426 905 500 966 vide
530 928 589 987 quo
620 915 712 986 pacto
742 902 886 967 concinat
913 908 1056 987 Properti
1086 908 1245 968 exordium
1267 908 1351 967 Iovis

232 1009 356 1068 Feretri
378 1010 483 1067 aetion
506 1011 677 1088 repetentis
700 1010 730 1070 V
754 1019 800 1070 10:

406 1129 489 1186 Nunc
510 1129 584 1187 Iovis
604 1132 734 1202 incipiam
756 1145 859 1186 cousus
881 1133 994 1202 operire
1014 1131 1127 1187 Feretri

456 1246 591 1304 armaque
612 1213 783 1287 111111ιεί11111
806 1234 882 1286 trino
904 1239 1015 1304 recepto
1037 1233 1134 1288 trihus.

233 1364 380 1444 idemque
402 1366 432 1425 V
453 1374 470 1426 4
492 1365 609 1444 Tarpei
630 1364 743 1424 montis
759 1383 938 1458 cognomen
963 1365 1169 1444 explicaturus
1191 1366 1317 1444 incipit:

412 1486 561 1558 Tarpeium
583 1501 678 1542 nemus
700 1492 725 1540 et
750 1485 888 1557 Tarpeiae
910 1489 993 1558 turpe
1014 1488 1171 1558 sepulcrum

453 1586 539 1659 febor
561 1592 589 1642 et
610 1589 720 1659 antiqui
739 1587 832 1642 limina
854 1591 940 1659 capta
962 1585 1043 1642 Iovia.

233 1728 326 1799 atque
353 1729 498 1799 apparet,
530 1729 677 1800 quantum
707 1719 809 1778 eidem
838 1721 969 1779 faveant
996 1721 1172 1780 sententiae
1196 1741 1275 1800 quae
1300 1720 1351 1780 ob-

232 1823 420 1881 servavimus
448 1842 479 1901 p.
503 1827 546 1884 54.
590 1823 725 1900 itaque
753 1822 877 1900 ipsum
906 1822 1040 1881 aetion
1068 1823 1204 1901 procul
1234 1821 1350 1882 dnbio

233 1942 279 1982 ex
309 1923 454 1983 Aconti
486 1924 586 1982 malo
621 1922 799 2002 Cydonio
834 1922 994 2003 quadam
1028 1925 1183 1983 ratione
1216 1943 1351 1983 nexum

232 2025 317 2084 fuit.
363 2033 457 2103 atque
479 2026 604 2084 omnino
628 2023 798 2084 fabularum
821 2025 1072 2102 aetiologicarum
1104 2045 1142 2084 ea
1170 2026 1250 2085 solet
1272 2027 1349 2085 ratio

233 2145 316 2200 esse,
347 2135 381 2184 ut
403 2125 441 2184 ab
464 2126 533 2205 ipso
555 2126 702 2186 historiae
731 2125 871 2200 cardine,
901 2147 964 2185 non
993 2147 1012 2185 1
1040 2126 1131 2186 rebus
1159 2126 1350 2187 secundariis

233 2236 263 2286 et
291 2226 475 2287 adventiciis
512 2229 615 2287 aetion
642 2228 754 2312 ⁴aliquo
787 2227 876 2288 modo
904 2229 1122 2307 proficiscatur.
1174 2230 1349 2308 praesentis

231 2349 305 2389 vero
338 2329 463 2388 fabulae
496 2329 625 2388 evidens
660 2339 707 2389 est
739 2329 897 2389 cardinem
926 2330 1103 2410 nodumque
1140 2349 1209 2390 esse
1237 2331 1348 2390 malum

233 2430 417 2510 Cydoniam.
462 2451 558 2511 quare
580 2430 764 2505 videndum,
790 2431 888 2511 qualis
912 2431 950 2490 ab
974 2451 1011 2490 eo
1040 2433 1124 2509 origo
1154 2451 1221 2490 cnm
1245 2453 1283 2492 ex
1305 2433 1349 2491 fa·

231 2532 322 2592 bulae
344 2534 464 2592 ratione
486 2541 549 2592 tum
573 2534 679 2592 11111
702 2541 812 2592 natura
835 2532 904 2591 duci
927 2534 1072 2612 potuerit.

314 2634 407 2694 Felix
442 2635 515 2693 mali
552 2634 710 2693 artificium
747 2653 806 2714 qno
839 2654 955 2692 summa
985 2634 1074 2693 huius
1114 2633 1238 2693 fabulae
1277 2654 1349 2694 con·

231 2737 349 2794 tinetur
376 2757 440 2794 non
470 2737 530 2795 nisi
559 2755 595 2795 eo
623 2734 743 2808 redire,
781 2733 865 2814 quod
898 2735 1011 2793 malum
1047 2735 1202 2794 veteribus
1230 2733 1350 2814 symbo-

232 2837 294 2896 lum
322 2837 415 2895 fuerit
444 2838 604 2910 1111111111,
639 2837 795 2896 neminem
822 2837 930 2914 fugere
963 2845 1076 2915 potest.
1122 2844 1153 2894 et
1181 2838 1350 2915 composuit

231 2939 426 3016 Boettigerus
448 2938 650 3018 Kunstmyth.
673 2939 708 2997 II
730 2959 760 3018 p.
774 2947 822 2999 251
847 2936 969 2997 Paridis
992 2937 1159 3011 Atalantae
1183 2937 1349 3018 Cydippae

231 3042 320 3100 mala.
351 3061 456 3100 verum
479 3041 540 3100 alia
562 3041 637 3099 latet
659 3038 763 3098 fabula
785 3040 869 3118 pomi
890 3059 948 3098 usn
970 3039 1128 3118 praesenti
1150 3041 1241 3098 etiam
1266 3041 1348 3099 simi-

231 3141 298 3202 lior.
322 3161 455 3221 nsmque
471 3141 627 3201 Hesiodus
642 3141 675 3199 in
691 3140 833 3218 catalogo
849 3150 1029 3199 narraverat
1042 3139 1138 3198 haece
1156 3138 1264 3218 (schol.
1276 3142 1350 3200 11.Ζ

231 3254 274 3316 31,
291 3244 367 3302 Η11.
384 3244 442 3321 frg.
458 3251 491 3306 97
506 3242 740 3315 Marcksch.,.75
757 3239 898 3319 Goettl.).
925 3241 1063 3301 Achilles
1081 3261 1147 3299 cum
1162 3240 1253 3302 urbes
1268 3243 1349 3301 ciroa

231 3344 356 3403 Troiam
373 3345 511 3403 iacentes
528 3351 666 3403 vastaret
684 3343 944 3412 etiamMoneiam
961 3343 1027 3401 sive
1041 3343 1222 3402 Meuaniam
1237 3352 1348 3422 postea

231 3445 386 3506 Pedasum
401 3431 838 3505 transnominatam'obsessit.
867 3453 898 3503 et
919 3463 987 3503 oum
1007 3444 1040 3502 in
1061 3464 1098 3503 eo
1119 3444 1179 3502 iam
1200 3455 1291 3517 esset,
1314 3452 1349 3504 ut

231 3547 314 3607 urbis
338 3549 453 3627 optimc
477 3547 679 3607 communitae
703 3546 967 3625 oppugnationem
989 3545 1170 3619 dimitteret,
1195 3545 1349 3625 quaedam

232 3669 271 3707 ex
286 3648 453 3728 oppidanis
469 3649 556 3727 virgo
572 3657 736 3728 postquam
749 3646 904 3706 Achillem
927 3646 967 3706 de
985 3647 1077 3705 muris
1101 3649 1280 3727 conspicata
1302 3657 1349 3706 est

232 3769 333 3810 amore
357 3758 496 3828 correpta
517 3770 639 3829 pomum
654 3741 936 3826 Argividdemisit,
959 3748 991 3805 in
1015 3767 1075 3825 quo
1098 3749 1242 3827 scriptum
1266 3756 1347 3806 erat:

425 3857 465 3944 μὴ
488 3859 603 3941 σπεῦδ’,
622 3857 765 3944 Ἀχιλλεῦ,
788 3860 860 3942 πρὶν
882 3862 1046 3940 Μονηνίοιν
1069 3860 1152 3946 ἕλῃς·

424 3960 506 4047 ὕδωρ
527 3957 583 4047 ydp
605 3957 661 4026 oda
684 3965 787 4040 ἔνεστι,
810 3964 940 4041 διψῶσιν
961 3965 1070 4036 κακῶς.

168 4071 170 4076 ¹
233 4089 342 4169 quibus
364 4089 453 4148 lectis
475 4089 537 4146 iam
565 4087 736 4166 permansit
758 4085 897 4145 Achilles
919 4083 1088 4165 urbemque
1112 4084 1311 4168 expugnavit.
1322 4083 1345 4163 ¹)

299 4287 321 4355 ¹)
351 4289 420 4339 Earn
446 4289 569 4340 fabulam
598 4290 717 4340 nondum
749 4287 1004 4340 animadverterunt
1027 4305 1044 4336 a
1068 4286 1236 4337 Philostrato
1266 4287 1348 4351 tangi

232 4374 313 4439 epist.
332 4375 365 4424 62
383 4375 466 4438 Kays.
490 4366 525 4424 τὰ
551 4367 584 4424 δὲ
607 4363 678 4425 ἄλλα
702 4372 751 4426 καὶ
770 4366 902 4438 ἐπιστολῇ
920 4371 960 4437 τῷ
976 4365 1055 4438 μήλῳ
1072 4365 1223 4437 κέχρημαι·
1252 4362 1346 4421 ἐκεῖνο

282 4474 421 4523 artarer,
441 4474 554 4508 1111111.
1123 4452 1147 4516 8.
