3254 5158
700 463 910 526 ..7ssss

250 648 351 699 autem
374 637 609 716 diligentissime
638 644 697 710 est,
726 657 767 696 ne
795 637 834 696 ob
862 646 1021 696 externam
1049 635 1185 714 speciem
1213 635 1251 694 ab
1275 636 1364 695 aetiis

206 717 217 726 -
251 762 288 801 ea
310 739 518 800 abiudicemus
541 741 723 817 fragmenta,
748 756 828 816 quae
851 738 889 798 cb
913 738 988 796 alias
1008 756 1216 817 quascumque
1240 757 1364 796 caussas

251 844 295 902 eis
328 842 474 901 videntur
506 861 573 900 esse
602 838 821 924 adiudicanda.
859 860 929 898 nam
959 837 1141 918 quibusdam
1172 839 1366 916 cognoscitur

250 934 403 1016 indiciis,'
420 941 641 1002 Callimachum
668 961 734 999 cum
757 959 885 1017 gnomas
909 961 984 1020 quas
1008 939 1113 999 dicunt
1141 941 1251 1019 suique
1273 959 1366 1000 sensa

251 1046 345 1104 animi
360 1044 466 1104 crebro
487 1044 655 1102 inseruisse
674 1050 737 1101 tum
752 1061 852 1101 rerum
867 1062 988 1102 suarum
1002 1043 1179 1102 memoriam
1193 1040 1366 1100 identidem

250 1145 458 1206 immiscuisse.
509 1163 588 1224 quae
617 1146 643 1203 si
672 1145 896 1222 contemplare,
933 1144 1025 1204 facile
1055 1143 1211 1221 conligas,
1243 1143 1365 1221 qualem

249 1246 304 1305 ille
328 1245 501 1324 prodiderit
515 1245 712 1324 prudentiam
727 1246 864 1324 rectique
887 1245 1116 1328 conscientiam,
1139 1263 1205 1303 cum
1220 1245 1366 1303 materiae

251 1367 325 1408 suae
349 1348 501 1424 elegiacos
530 1365 673 1406 numeros
704 1345 889 1406 adhibuerit.
933 1354 1037 1426 atque·
1055 1347 1143 1406 huius
1166 1347 1290 1424 generis
1314 1345 1366 1424 qui

251 1449 335 1507 color
356 1449 449 1508 fuerit
470 1455 504 1505 ut
526 1448 695 1506 accuratius
719 1447 931 1525 dignoscatur,
960 1449 1011 1506 vel
1033 1467 1140 1506 versus
1162 1447 1253 1507 modo
1277 1447 1366 1506 aetiis

251 1571 270 1608 1
292 1549 380 1610 nobis
402 1547 552 1610 vindicati
573 1569 637 1607 non
660 1548 738 1608 levis
762 1558 833 1608 sunt
854 1549 1009 1609 momenti.

335 1649 505 1711 Verborum
521 1650 701 1728 scripturam
716 1651 748 1708 in
763 1658 826 1709 tam
840 1651 971 1729 insignis
987 1657 1080 1709 notae
1092 1651 1244 1728 fragmine
1260 1669 1366 1729 parum

252 1772 320 1812 esse
343 1751 520 1831 expeditam
541 1770 634 1829 aegre
657 1751 791 1810 ferimus.
834 1760 930 1811 totum
958 1760 1060 1811 autem
1088 1750 1128 1809 ad
1152 1771 1219 1810 eam
1241 1752 1367 1834 formam

252 1874 345 1933 supra
366 1852 549 1931 redegimus,
575 1871 654 1932 quae
676 1852 765 1912 nobis
788 1854 937 1931 integrior
959 1861 1042 1912 certe
1057 1853 1125 1912 visa
1140 1861 1196 1912 est.
1219 1872 1249 1910 v.
1266 1853 1366 1919 21111·

252 1963 343 2032 gatae
365 1953 492 2014 lectioni
506 1945 609 2027 ἀφεῖλε
633 1955 854 2031 elegantiorem
868 1955 1068 2034 praetulimus
1085 1975 1152 2013 eam
1168 1974 1258 2034 quam
1273 1952 1367 2012 habet

253 2054 352 2115 codex
358 2054 527 2114 Vossianus
541 2056 736 2134 etymologici
748 2056 852 2132 magni
864 2056 1046 2116 aMeinekio
1060 2075 1184 2136 quoque
1195 2056 1228 2113 in
1236 2054 1366 2114 8111111-

252 2177 302 2216 um
333 2155 503 2215 traductam
535 2143 643 2230 ἀφῆκε.
692 2166 819 2236 recepta
853 2158 935 2216 enim
966 2158 1067 2236 poetis
1100 2157 1213 2216 locutio
1242 2141 1365 2228 ἆφιὲναι

255 2254 392 2336 (sedare)
416 2243 519 2339 ὀργήν,
541 2247 630 2334 γόους
653 2265 683 2316 11
699 2277 779 2339 quae
793 2258 841 2317 his
864 2268 935 2318 suut
950 2259 1070 2318 similia.
1101 2279 1222 2318 versum
1237 2266 1255 2319 3
1269 2257 1367 2317 codex

254 2358 379 2420 Stobaei
412 2359 597 2419 Parisiensis
632 2359 684 2438 qui
718 2361 811 2419 estB
845 2360 929 2440 apud
959 2359 1169 2424 Gaisfcrdium
1203 2368 1248 2432 et,
1284 2359 1367 2440 quod

253 2461 376 2537 gravius
405 2468 466 2532 est,
493 2459 573 2520 liber
598 2459 853 2521 vindobonensis
884 2461 936 2539 (cl.
959 2461 1058 2522 Gaisf.
1088 2461 1189 2540 praef.
1217 2459 1256 2520 ad
1281 2460 1367 2521 Stob.

253 2562 317 2622 flor.
341 2582 371 2641 p.
395 2558 471 2636 VII)
495 2560 646 2640 praebent
667 2562 777 2622 talem:

379 2671 402 2754 ἢ
423 2679 510 2755 φίλον
531 2667 551 2756 ii
571 2669 617 2739 ὅτ’
643 2675 673 2751 ἐς
694 2669 790 2758 ἄνδρα
812 2676 997 2757 συνέμπορον
1019 2673 1039 2756 ἢ
1059 2665 1107 2738 ὅτε
1129 2683 1255 2755 κωφοῖς.

253 2818 358 2896 itaque
381 2818 441 2875 iam
463 2816 618 2898 abiciendi
641 2837 747 2876 omnes
770 2818 819 2876 isti
842 2817 984 2877 infelices
1003 2825 1075 2876 sunt
1097 2826 1233 2890 conatus,
1258 2815 1367 2896 quibus

253 2918 311 2977 viri
334 2918 415 2978 docti
437 2919 710 2978 Trincavellianae
735 2918 880 2978 editionis
902 2937 1030 2977 mancae
1053 2918 1225 2996 scripturae
1247 2937 1367 2978 succur-

253 3040 322 3080 rere
346 3020 557 3080 decertarunt:
571 3015 596 3096 ¹)

380 3125 400 3213 ἢ
422 3128 463 3195 dc'
489 3133 518 3208 ἐς
540 3127 635 3215 ἄνδρα
655 3125 876 3214 reciprocavi*
897 3129 944 3196 ὅτε
966 3140 1092 3211 κωφοῖς.

254 3274 345 3333 facile
360 3274 450 3333 vides
473 3274 603 3352 proclivi
623 3274 741 3334 scribae
762 3275 853 3353 lapsu
875 3274 1008 3352 aprime
1031 3262 1051 3347 ἥ
1073 3271 1113 3331 ad
1136 3273 1265 3332 alterum
1286 3281 1368 3331 tran·

254 3375 385 3434 silientis
400 3375 536 3434 mutilum
550 3376 583 3432 in
600 3395 636 3434 eo
653 3377 704 3454 qui
728 3375 930 3454 adhibebatur
946 3373 1053 3434 codice
1069 3393 1190 3433 versum
1205 3374 1367 3454 prodiisse.

254 3476 390 3534 atenim
412 3495 452 3533 ne
475 3477 586 3554 plenus
618 3475 742 3554 quidem
769 3477 828 3535 iste
857 3495 963 3535 versus
983 3476 1067 3535 'vitio
1097 3484 1190 3535 caret.
1236 3495 1369 3556 namque

254 3576 408 3656 oppositio
437 3576 491 3635 illa
517 3577 599 3635 inter
626 3574 715 3651 φίλον
738 3585 768 3635 11
795 3572 979 3655 συνέμπορον
1001 3597 1124 3657 prorsus
1155 3576 1289 3638 absurda
1312 3585 1368 3637 est.

253 3665 359 3757 itaque
387 3696 427 3736 ne
457 3677 532 3758 quid
558 3679 682 3737 molirer
715 3677 859 3762 audacius
888 3680 1011 3758 scripsi:
1042 3665 1061 3752 ἢ
1090 3676 1179 3753 φίλον
1205 3677 1238 3736 οἱ
1261 3665 1309 3736 dr’
1341 3672 1370 3749 ἐς

253 3767 349 3856 ἄνδρα
364 3774 559 3854 συνέμπορον.
593 3780 623 3839 h.
641 3798 668 3839 e.
692 3780 732 3838 ‘ai
755 3779 794 3838 ad
817 3779 955 3840 sodalem
977 3779 1035 3840 sibi
1058 3781 1176 3840 carum'
1198 3781 1251 3840 vel
1274 3780 1314 3840 ‘si
1329 3777 1369 3838 ad

254 3879 394 3940 sodalem
416 3880 463 3939 sui
485 3882 653 3940 amantem'
677 3901 703 3940 e.
721 3901 751 3960 q.
767 3903 792 3942 s.
829 3901 971 3960 comparo
994 3881 1192 3941 Homericum
1214 3881 1299 3956 φίλος
1320 3900 1371 3956 μοι

254 3975 369 4056 ἑταῖρος
386 3980 584 4060 eiusdemque
601 3983 672 4041 1111.
707 3991 870 4062 praeterea
892 3983 1099 4042 coniecturam
1120 3991 1239 4042 utnon
1263 4002 1370 4042 neces·

254 4083 365 4142 sariam
387 4083 431 4142 ita
451 4081 698 4162 percommodam
719 4084 825 4164 recepi
844 4083 980 4144 Heckeri
1003 4104 1109 4142 comm.
1132 4083 1209 4143 Call.
1229 4103 1261 4162 p.
1279 4069 1371 4156 14411

323 4318 342 4381 ¹)
361 4319 411 4369 Eis
429 4333 499 4386 quae
519 4319 590 4384 apud
604 4318 805 4368 Blcmfieldium
823 4322 1009 4384 proponuntur
1027 4317 1097 4368 adde
1116 4317 1290 4368 coniecturas
1302 4315 1371 4366 San·

254 4401 312 4450 teni
331 4404 360 4450 et
377 4399 503 4451 Huschki
521 4401 550 4449 in
566 4401 647 4451 huius
667 4401 747 4466 epist.
768 4403 828 4451 crit.
848 4402 876 4450 in
894 4404 976 4467 Prop.
994 4418 1022 4468 p.
1040 4405 1082 4452 32.
