3284 5158
672 460 906 524 -145-

305 633 379 694 siste
401 640 529 706 metum,
553 633 651 710 virgo.
683 631 785 693 stabili
807 633 927 713 potiere
950 634 1065 693 salute:

232 743 284 798 180
349 735 399 794 fac
421 734 513 795 modo
536 733 666 814 polliciti
689 737 813 794 conscia
834 736 952 814 templa
974 736 1067 796 colas.

302 856 367 894 non
388 835 469 896 bove
492 845 624 896 mactato
648 836 795 895 coelestia
816 837 943 896 numina
965 835 1118 914 gaudent,

344 937 400 997 sed
424 957 503 1018 quae
525 937 744 1017 praestandast
767 945 798 997 et
820 939 888 997 sine
910 945 990 997 teste
1012 937 1083 997 fide.

301 1048 335 1099 ut
356 1040 498 1124 valeant,
523 1041 603 1098 aliae
626 1039 740 1097 ferrum
762 1040 920 1118 patiuntur
943 1047 973 1098 et
994 1040 1098 1117 ignes,
1161 1071 1162 1076 ι

342 1141 404 1199 fert
425 1141 493 1200 aliis
515 1141 634 1201 tristem
656 1160 744 1200 sucus
767 1160 886 1200 amarus
910 1161 1010 1220 opem.

232 1251 281 1304 185
303 1241 349 1300 nil
372 1234 448 1322 opus
473 1250 520 1302 est
541 1243 625 1302 istis:
654 1250 774 1302 tantum
796 1242 931 1321 periuria
953 1243 1031 1316 vita,

256 1375 257 1378 ¹
342 1353 436 1423 teque
458 1343 547 1403 simul
568 1363 659 1404 serva
680 1363 791 1424 meque
816 1343 980 1423 datamque
1002 1342 1103 1403 fidem.

215 1483 216 1486 =
300 1445 487 1524 praeteritae
509 1447 632 1505 veniam
656 1444 741 1505 dabit
762 1446 940 1523 ignorantia
962 1446 1087 1524 culpae:

343 1545 524 1626 exciderant
547 1548 648 1606 animo
669 1546 798 1606 foedera
819 1547 901 1606 lecta
921 1555 985 1606 tuo.

300 1647 458 1721 admonita
481 1668 514 1707 es
537 1646 629 1708 modo
651 1667 729 1708 voce
751 1668 820 1707 mea
841 1647 933 1706 modo
957 1646 1077 1708 casibus
1098 1648 1181 1722 istis,

161 1777 165 1780 ·
230 1757 280 1811 190
345 1768 437 1828 quos,
462 1751 605 1830 quotiens
627 1758 760 1828 temptas
783 1749 908 1823 fallere,
933 1750 1014 1808 ferre
1036 1750 1129 1809 soles.

298 1850 346 1909 his
370 1870 493 1930 quoque
514 1847 619 1911 vitatis
642 1853 675 1910 in
698 1860 788 1934 partu
810 1870 922 1930 nempe
944 1850 1082 1928 rogabis,

340 1959 374 2011 nt
395 1951 451 2011 tibi
472 1953 614 2012 luciferas
638 1953 746 2012 afferat
766 1953 821 2010 illa
843 1972 961 2010 manus.

298 2052 418 2128 audiet,
441 2054 503 2113 heu
524 2063 671 2133 repetens
695 2073 773 2134 quae
796 2055 859 2113 sint
881 2053 1004 2113 audita:
1026 2055 1178 2134 requiret,

249 2227 259 2244 Ι
339 2155 398 2213 iste
420 2153 476 2213 tibi
500 2154 623 2235 dequo
647 2156 778 2232 coniuge
801 2163 906 2233 partus
930 2163 990 2215 eat.

231 2263 279 2321 195
300 2257 459 2334 promittes
482 2265 603 2316 votum:
633 2258 690 2316 scit
712 2265 743 2316 te
765 2257 944 2335 promittere
967 2256 1057 2316 falso.

338 2356 469 2417 iurabis:
499 2359 557 2418 scit
579 2367 610 2417 te
633 2358 744 2417 fallere
767 2377 860 2436 posse
883 2357 970 2416 deos.

297 2478 360 2517 non
383 2460 484 2536 agitur
506 2459 545 2518 de
567 2479 632 2518 me:
663 2478 735 2517 cura
756 2459 871 2518 maiore
894 2457 1018 2517 laboro:

339 2561 433 2618 anxia
455 2568 525 2619 sunt
547 2561 630 2619 vitae
653 2568 780 2638 pectora
802 2567 908 2618 nostra
929 2569 1011 2618 tuae.

296 2679 349 2718 cur
370 2660 461 2720 modo
484 2669 514 2720 te
538 2659 661 2720 dubiam
682 2659 791 2740 pavidi
813 2661 927 2718 flevere
950 2669 1112 2738 parentes,

224 2769 278 2822 200
341 2761 465 2838 ignaros
489 2763 598 2841 culpae
622 2782 701 2841 quos
721 2762 796 2820 facis
820 2780 888 2820 esse
911 2760 1004 2820 tuae?

298 2871 329 2921 et
351 2882 404 2922 cur
425 2863 592 2940 ignorant?
615 2862 703 2922 matri
726 2863 799 2934 licet
822 2864 924 2921 omnia
946 2882 1064 2922 narres.

339 2965 384 3023 nil
405 2973 475 3040 tua,
500 2963 662 3044 Cydippe,
686 2965 767 3023 facta
789 2963 907 3024 ruboris
930 2963 1056 3023 habent.

297 3064 406 3124 ordine
429 3065 478 3123 fac
499 3066 631 3139 referas,
655 3073 688 3124 nt
711 3067 751 3124 sis
774 3066 847 3124 mihi
871 3067 995 3143 cognita
1017 3067 1161 3145 primum,

284 3157 285 3162 ἵ
339 3185 426 3225 sacra
447 3166 645 3245 pharetratae
669 3165 740 3224 dum
762 3167 837 3225 facit
858 3167 927 3245 ipsa
951 3166 1045 3238 deae,

224 3275 277 3328 205
299 3275 333 3324 ut
353 3275 384 3326 te
407 3275 574 3346 conspecta
596 3266 711 3340 subito,
734 3269 761 3326 si
784 3268 864 3327 forte
887 3269 1015 3340 notasti,

292 3482 319 3518 v.
340 3468 389 3518 180
404 3469 505 3532 policitr'
522 3466 551 3521 8.
568 3495 602 3504 —
619 3485 647 3519 v.
664 3469 711 3518 181
730 3485 781 3520 nou
800 3468 863 3528 GS,
882 3485 929 3519 nec
940 3469 963 3518 L
976 3467 999 3516 P
1005 3469 1029 3517 2.
1049 3493 1081 3503 -—
1099 3481 1125 3517 v.
1140 3469 1189 3518 183
1201 3483 1242 3534 sq.
1260 3474 1290 3519 ut
1308 3487 1342 3521 ex

227 3565 290 3604 rem.
305 3552 355 3602 227
364 3567 423 3616 sqq.
443 3553 689 3604 conferruminatos
707 3569 762 3602 uon
779 3553 882 3602 iniuria
894 3552 1037 3617 suspectat
1048 3551 1078 3601 0.
1091 3552 1340 3618 Zangemeisterus.

225 3631 262 3686 cf.
276 3634 358 3685 etiam
373 3650 457 3685 amor.
470 3637 512 3686 III
524 3638 563 3700 11,
578 3638 602 3690 8,
628 3641 656 3687 at
669 3637 749 3686 simul
761 3653 787 3686 v.
802 3637 851 3686 185
861 3652 900 3702 sq.
915 3635 1079 3701 expellendi.
1101 3636 1138 3686 cf.
1152 3637 1218 3686 fast.
1232 3637 1270 3687 IV
1282 3640 1339 3700 926,

224 3733 259 3767 ex
276 3719 308 3768 P.
322 3719 387 3782 117,
401 3720 443 3781 84,
463 3720 534 3770 trist.
553 3721 577 3770 V
596 3722 635 3780 14,
655 3722 696 3770 20.
730 3722 868 3785 paciantur
887 3735 954 3784 apr.
968 3736 1002 3768 m.
1018 3719 1050 3769 G.
1065 3746 1096 3755 —
1114 3720 1339 3783 unstradan,

221 3815 313 3852 succus
331 3800 411 3852 GP2
425 3802 451 3852 S.
471 3830 504 3839 —
521 3821 547 3854 v.
568 3805 616 3854 189
639 3806 772 3854 auuuonita
789 3802 843 3852 Ρ2,
879 3819 933 3851 eum
950 3802 1049 3852 casibus
1067 3802 1091 3852 G
1108 3804 1131 3852 L
1151 3803 1178 3853 S.
1197 3831 1228 3839 -
1247 3820 1272 3857 v.
1293 3805 1342 3854 190

222 3891 314 3936 temtus
331 3901 349 3936 a
366 3901 405 3952 pr.
424 3902 458 3935 rn.
478 3885 517 3951 G,
539 3889 630 3952 perpis
647 3886 675 3939 S.
694 3913 726 3921 —
749 3903 773 3938 v.
793 3889 841 3936 193
864 3887 952 3936 audiet
972 3885 1035 3935 daec
1053 3884 1077 3935 G
1094 3886 1118 3934 L
1135 3887 1181 3937 Ρ2
1198 3886 1231 3949 8,
1255 3889 1341 3938 audiet

221 3975 249 4018 et
268 3968 310 4018 ed.
328 3969 406 4020 Rom.
427 3972 500 4021 1471.
526 3972 625 4036 scripsi
643 3972 742 4032 audiet,
761 3971 818 4021 deu.
854 3976 912 4020 suut
929 3971 1018 4021 audita
1035 3971 1057 4018 L
1077 3969 1104 4020 8.
1122 3996 1155 4005 -
1172 3988 1199 4020 v.
1217 3971 1267 4021 194
1283 3973 1342 4035 ipsa

219 4051 298 4115 libri,
317 4054 418 4119 scripsi
429 4057 477 4106 iste
491 4059 519 4105 et
530 4056 635 4106 mutavi
647 4055 904 4120 interpunctionem.
930 4060 988 4102 erat
999 4053 1032 4102 L.
1051 4080 1083 4089 —
1101 4069 1127 4106 v.
1149 4055 1197 4105 195
1213 4056 1341 4118 promittis

219 4134 277 4188 Pa.
296 4163 329 4172 -
346 4151 372 4190 v.
392 4139 440 4188 198
458 4141 532 4188 ancia
548 4139 582 4188 L,
603 4165 634 4174 -
657 4155 681 4188 v.
701 4139 750 4188 200
768 4155 814 4188 cur
831 4141 890 4188 ticet
907 4153 963 4188 esse
980 4138 1032 4187 Ρ2,
1055 4162 1081 4172 -
1102 4153 1129 4189 v.
1147 4140 1196 4188 201
1214 4138 1277 4187 haee
1295 4153 1341 4186 cur

218 4221 343 4283 ignorant
358 4221 413 4284 Ρ2,
432 4229 457 4271 et
475 4237 521 4272 cur
537 4223 654 4287 iquorem
674 4223 705 4273 G.
719 4249 751 4258 ·-
768 4237 794 4273 v.
807 4225 857 4272 204
871 4223 938 4284 facit
956 4221 1041 4271 codex
1059 4237 1129 4270 unus
1147 4219 1338 4285 interpolatus,

217 4303 289 4364 facis
312 4304 422 4369 reliqui.
457 4303 525 4354 illud
550 4305 602 4354 coi.
627 4307 711 4354 etiam
736 4305 858 4370 Cuperus
882 4307 910 4354 in
934 4307 1086 4355 Burmanni
1108 4305 1170 4369 syll'.
1196 4306 1288 4369 epistt.
1312 4305 1340 4354 Il

219 4401 249 4450 p.
262 4389 321 4438 700.
356 4405 382 4439 v.
403 4404 472 4454 quae
491 4388 690 4454 disputavimus
709 4406 735 4454 p.
754 4391 787 4438 55
806 4394 833 4438 et
850 4391 878 4437 in
898 4389 1030 4438 addendis
1050 4389 1130 4439 adh.
1149 4406 1175 4454 p.

273 4485 412 4535 ornuurr,
432 4488 545 4522 oaunru.
1097 4471 1137 4533 10
