3254 5158
744 427 982 502 -48-‚

377 606 431 662 Die
457 604 594 662 Haimath
621 606 673 660 der
700 604 835 678 Kydlppe
856 606 893 660 iot
919 585 998 660 nieht
1020 603 1190 676 anaepeben.
1235 603 1320 660 Denn
1342 606 1411 661 dass

293 709 372 766 nieht
393 715 466 765 etna
488 707 564 764 anah
591 708 631 762 sie
660 719 714 764 aas
735 706 813 784 Keos
834 723 911 774 nar,
934 708 1105 778 neniystens
1126 705 1201 762 nach
1226 706 1311 764 Ovids
1331 706 1409 762 Dar·

293 812 415 884 stellano
430 811 525 878 nieht,
541 811 595 866 das
609 809 745 866 beneisen
760 810 805 866 die
818 808 911 881 yleieh
926 805 1186 879 anzafaehrenden
1208 807 1304 876 Verso,
1320 811 1410 866 naria

294 913 430 970 Akontion
450 913 497 970 ihr
518 914 580 968 sein
603 911 761 968 Vaterlancl
780 917 894 968 nannet.
931 909 1070 967 Indessen
1093 910 1180 966 laessi
1202 909 1274 966 Ooicl
1294 912 1334 966 sie
1358 928 1411 966 oon

293 1017 375 1072 ihrer
390 1014 528 1087 Seefahrt
542 1013 617 1070 nach
632 1012 719 1070 Delos
733 1013 903 1073 erzaehlenr
925 1029 983 1069 aar
998 1013 1067 1068 dass
1082 1025 1115 1066 er
1130 1013 1180 1066 mit
1195 1013 1275 1067 einer
1288 1009 1351 1084 fast
1366 1014 1411 1067 ein

184 1177 185 1182 ,
294 1119 385 1190 nenio
407 1134 444 1174 za
462 1115 627 1188 poetn'sehen
642 1115 772 1172 Frea‘heit
794 1115 837 1171 die
853 1115 940 1186 Folye
960 1116 1013 1170 der
1027 1113 1140 1185 Inseln,
1164 1129 1264 1170 aaran
1284 1116 1324 1169 sle
1347 1131 1411 1169 vor-

295 1219 419 1294 balfeor,
441 1220 549 1293 perede
571 1217 705 1274 amhehrt
728 1213 825 1294 [XXI
845 1220 877 1274 81
902 1209 978 1293 sq.]:

447 1361 476 1412 et
496 1357 553 1412 iam
575 1357 749 1411 transieram
764 1351 909 1424 Myconon
930 1353 987 1407 lam
1006 1351 1102 1408 Tenon
1124 1357 1151 1408 et
1166 1349 1301 1418 Andron,

381 1521 385 1530 g
499 1459 584 1529 inque
606 1457 676 1512 meis
698 1457 786 1512 oeulis
807 1456 932 1511 eandida
953 1453 1040 1510 Delos
1062 1458 1135 1510 erat.

295 1595 357 1650 Das
379 1595 417 1649 ist
443 1595 553 1666 yerade
575 1594 620 1649 alie
643 1591 802 1664 Richtany,
831 1592 861 1647 in
883 1593 936 1647 der
958 1607 1025 1646 man
1050 1589 1134 1646 llelos
1155 1591 1309 1646 nerlaesst:
1337 1589 1412 1644 dena

296 1696 438 1768 Mykonos
461 1696 548 1751 laesst
570 1694 631 1750 sich
651 1696 681 1750 ia
703 1693 790 1751 Delos
810 1692 873 1765 fast
894 1694 944 1749 mit
966 1693 1019 1748 der
1040 1691 1133 1747 Hand
1153 1692 1304 1763 ahlanyen.
1338 1691 1414 1746 Ahar

297 1799 350 1854 clas
376 1800 412 1854 ist
439 1795 497 1868 aas
514 1797 606 1868 jeden
628 1795 695 1851 Fall
721 1794 803 1861 hlar,
832 1795 900 1850 dass
928 1796 973 1851 die
995 1793 1086 1850 Reihe
1114 1794 1167 1848 der
1188 1792 1288 1848 Inseln
1310 1794 1338 1847 in
1362 1794 1415 1848 der

298 1900 442 1971 Richtanp
458 1899 537 1971 lieet,
560 1899 589 1952 in
604 1897 727 1953 nelaher
741 1896 878 1968 Kydippe
899 1895 976 1952 nach
990 1895 1077 1950 Delos
1097 1893 1174 1952 ham.
1205 1894 1273 1950 Nan
1286 1892 1414 1967 fnehren

298 2003 368 2058 aher
390 2002 435 2057 die
448 1999 549 2056 Inseln
563 2001 649 2055 selbot
667 2001 775 2071 parade
791 1997 867 2054 nach
882 1998 935 2052 der
950 1996 1118 2068 Saedspitze
1133 2012 1186 2052 oon
1201 1995 1326 2063 Euboea,
1340 1993 1415 2068 fola-

297 2103 353 2160 lieh
370 2103 414 2158 alie
432 2102 661 2158 Wasserstrasee
675 2100 761 2156 ihnen
773 2117 828 2156 zar
840 2098 951 2156 Linhen
966 2098 1125 2156 zanaeehst
1139 2098 1214 2154 nach
1225 2096 1340 2157 Attilam
1355 2099 1417 2153 aad

298 2204 374 2260 linha
396 2204 565 2275 einyehoyen
588 2203 625 2257 ist
646 2218 676 2257 es
691 2204 743 2258 der
756 2202 964 2275 yenoehnliohe
987 2202 1056 2274 Wea
1071 2217 1124 2256 von
1139 2199 1225 2256 Delos
1241 2217 1279 2256 an
1296 2199 1415 2256 Sunium

298 2307 395 2363 aerlei
421 2305 496 2361 naeh
522 2304 647 2361 Athen.
695 2322 830 2381 quorum·
854 2301 946 2361 fidem
974 2322 1038 2361 non
1066 2299 1216 2359 imminuit
1249 2299 1413 2357 auctoritas

210 2445 211 2448 =
297 2405 406 2464 Loersi
429 2402 523 2463 Ovidi
554 2404 754 2483 epistularum
783 2403 925 2476 editoris,
955 2404 1062 2483 quiin
1085 2400 1287 2460 adnotatione
1310 2399 1350 2458 ad
1370 2399 1414 2457 lo-

299 2526 366 2566 eum
392 2505 478 2565 illum
508 2504 602 2565 Ovidi
631 2505 806 2586 obloquitur
835 2525 875 2564 ne
903 2525 967 2564 una
996 2504 1121 2584 quidem
1149 2522 1257 2563 oaussa
1284 2501 1415 2561 adiecta.
1440 2517 1449 2529 ’

299 2608 374 2688 quin
398 2609 490 2667 etiam
504 2608 563 2667 hoo
577 2607 692 2686 ipsum,
717 2627 769 2666 eur
789 2605 1002 2666 subdiffideres
1018 2605 1279 2664 Buttmannianae
1294 2603 1415 2676 rationi,

299 2708 331 2768 id
352 2711 385 2768 in
402 2707 516 2768 Ovidio
540 2717 646 2784 certe,=
662 2708 702 2768 ad
727 2711 811 2768 euius
835 2707 1009 2786 exemplum
1027 2708 1105 2766 haee
1121 2706 1254 2786 epistula
1276 2712 1416 2764 accurate

299 2812 470 2892 composita
503 2819 566 2886 est,
598 2832 639 2871 ne
672 2812 796 2890 insigne
828 2809 955 2891 quidem
986 2808 1174 2869 habendum.
1217 2807 1299 2866 huno
1334 2807 1417 2866 enim

300 2915 424 2973 omnino
448 2913 610 2972 observavi
631 2913 714 2973 haud
738 2915 832 2973 anxie
848 2912 1058 2992 geographiae
1074 2929 1180 2969 curare
1195 2910 1358 2968 veritatem
1379 2909 1411 2966 in

299 3015 517 3096 percensenda
539 3016 675 3074 locorum
689 3015 912 3094 regionumque
935 3015 1025 3074 serie.
1056 3013 1152 3084 veluti
1166 3011 1323 3071 Arethusa
1338 3010 1414 3068 talia

298 3126 404 3177 narrat
425 3125 496 3176 met.
527 3117 565 3177 V.
590 3123 657 3178 607:
706 3143 729 3166 ν

383 3269 474 3327 usqae
496 3255 548 3311 sab
573 3254 824 3311 Orchomenon
846 3253 1103 3325 Psophidaque
1127 3252 1376 3326 Cyllenenque

385 3353 601 3427 Maenaliosque
622 3357 702 3412 sinas
722 3357 901 3429 ualidamque
923 3354 1127 3428 Erymanthon
1149 3359 1177 3410 et
1198 3353 1267 3409 Elin

384 3473 506 3514 currere
528 3459 659 3514 sustinui.

279 3591 410 3671 .quibus
438 3589 558 3650 urbium
584 3592 793 3672 montiumque
823 3590 998 3651 nominibus
1026 3588 1100 3648 vide
1128 3588 1201 3647 mihi
1230 3606 1321 3667 quam
1343 3587 1419 3644 mire

299 3694 435 3773 implexa
459 3701 489 3752 et
518 3692 676 3774 implicata
696 3694 782 3753 linea
804 3701 939 3754 notetur.
983 3712 1055 3751 nam
1077 3711 1143 3749 oum
1170 3673 1278 3748 'cetera
1300 3696 1419 3768 pertur-

222 3872 225 3876 ,
298 3795 370 3855 bate
393 3815 429 3856 ae
451 3796 519 3855 sine
543 3795 652 3854 ordine
667 3796 720 3854 vel
740 3788 846 3855 innota
860 3797 922 3855 sint
939 3792 1171 3854 enumeratione
1187 3790 1239 3850 vel
1257 3789 1418 3862 disiuncta,

298 3898 358 3957 hoe
379 3897 510 3956 maxime
534 3905 581 3957 est
603 3897 757 3972 notabile,
783 3897 940 3978 Cyllenen
963 3916 999 3955 ao
1019 3894 1193 3954 Maenalios
1216 3892 1301 3951 sinus
1324 3893 1418 3950 inter-

301 3999 377 4078 poni
393 3998 554 4077 Psophide
574 4000 656 4059 inter
679 4007 710 4059 et
724 3999 963 4078 Erymanthum‚
990 3997 1115 4078 quando
1140 3994 1264 4075 quidem
1286 3992 1420 4072 Psophis

298 4099 370 4160 urbs
392 4100 425 4158 in
447 4100 523 4180 ipsis
546 4098 699 4160 radicibus
715 4100 900 4180 Erymanthi
922 4075 981 4158 sita
997 4106 1060 4172 eet,
1086 4097 1220 4177 Cyllene
1243 4114 1316 4153 vero
1332 4095 1418 4153 item·

300 4222 359 4282 que
374 4202 510 4261 Maenali
533 4203 618 4264 sinus
640 4222 752 4280 magno
773 4202 849 4261 inde
871 4211 1019 4262 terrarum
1034 4201 1134 4279 spatio
1152 4192 1417 4272 discernuntur1).

369 4386 390 4448 ¹)
410 4387 470 4437 Nou
488 4385 695 4466 inobservatum
712 4385 765 4438 hoo
777 4386 908 4452 Hauptio‚
930 4386 976 4450 qui
987 4385 1059 4436 haee
1073 4381 1228 4434 adnotavit:
1249 4379 1282 4428 In
1294 4381 1342 4430 der
1355 4379 1421 4442 Aus-
