3254 5158
647 446 858 519 ,31-

193 621 264 679 huie
293 621 374 680 enim
402 627 580 678 consuetum
603 617 730 678 Homeri
743 613 771 695 ¹)
794 618 984 698 aliorumque
1006 625 1167 697 poetarum
1190 617 1309 677 doctam

193 722 363 781 immiscere
385 720 572 781 memoriam.
601 719 697 799 idque
712 718 797 779 haud
820 719 898 796 fugit
912 719 1102 779 Passowium
1118 719 1158 778 de
1172 719 1309 778 Aristae-

192 831 267 882 neto
291 823 501 902 disputantem
523 841 618 882 verm.
641 821 727 882 Sehr.
750 842 782 900 p.
803 827 853 884 96:
879 823 1114 894 Dichterlloslceln
1135 839 1186 878 aas
1208 824 1308 879 Home·

192 942 255 996 ros,
286 926 475 994 Hesiodus,
504 909 620 996 Sappho
646 926 706 980 und
726 927 883 998 Apollonios
905 941 954 980 νοιι
977 925 1090 980 Rhodos
1116 924 1224 980 meelate
1244 941 1309 979 οιοιι

192 1028 273 1082 ναίον
293 1028 353 1083 dem
369 1027 524 1084 Bestreben
544 1027 618 1082 noct
633 1026 710 1095 liar,
734 1028 777 1081 als
790 1026 843 1082 der
858 1026 1155 1099 Nochotmunpssuekt
1171 1026 1310 1081 ruschrei-

192 1129 255 1183 ben.
304 1146 410 1184 verum
436 1127 481 1184 ita
502 1146 566 1184 non
596 1125 741 1184 continuo
773 1132 872 1183 aetum
903 1132 950 1183 est
979 1123 1018 1183 de
1046 1125 1203 1184 sententia
1230 1126 1308 1204 ipsa,

194 1226 297 1305 quade
320 1247 401 1285 nune
423 1226 603 1286 videndum.
648 1227 680 1285 in
705 1224 870 1305 Cydippae
893 1227 976 1284 enim
999 1227 1093 1286 oeulis
1117 1247 1184 1285 oum
1207 1226 1309 1285 deeies

194 1328 296 1386 denae
326 1327 453 1389 Gratiae
482 1329 612 1388 saltasse
644 1326 798 1401 dieantur,
826 1327 897 1385 huie
924 1329 1031 1386 sensui
1059 1329 1201 1408 apposite
1231 1349 1310 1387 com-

178 1437 383 1507 paraverunt
404 1429 524 1489 Musaei
548 1429 587 1490 de
609 1430 686 1488 Her.
708 1449 739 1490 v.
761 1437 796 1492 63
817 1449 887 1508 sqq.

834 1561 868 1621 οί
886 1558 918 1621 δὲ
939 1559 1060 1620 παλαιοὶ

298 1669 376 1744 τρεῖς
398 1659 530 1744 Χάριτας
552 1657 703 1742 ψεύσοιντο
725 1659 906 1740 πεφυκέναι·
929 1656 972 1734 είς
994 1662 1026 1722 δέ
1046 1685 1090 1735 τις
1107 1655 1218 1743 Ἡροῦς

301 1756 459 1844 ὀφθαλμὸς
480 1764 591 1844 φελόων
613 1756 720 1826 ἕκατὸν
742 1765 899 1846 Χαρίτεσσι
920 1757 1051 1840 τεθήλει.

195 1942 226 1993 et
249 1955 315 1993 eum
337 1935 495 1996 Musaeum
518 1934 556 1995 ab
578 1936 778 1996 Aristaeneto
800 1935 885 1994 haud
907 1937 1005 1996 semel
1026 1934 1220 2014 compilatum
1243 1955 1311 1994 esse

193 2045 389 2115 perspectum
410 2037 560 2097 habeatur
584 2037 636 2116 (of.
652 2038 889 2098 Boissonadinm
912 2038 951 2096 ad
969 2039 986 2096 I
1004 2048 1034 2100 15
1057 2058 1088 2115 p.
1104 2033 1179 2113 455),
1203 2044 1312 2115 parata

194 2145 243 2196 est
264 2139 408 2217 suspitio,
431 2159 617 2218 purpureum
639 2139 721 2198 hune
742 2159 881 2218 pannum
896 2159 912 2198 e
929 2140 1057 2199 Musaeo
1081 2159 1150 2198 esse
1172 2139 1311 2217 petitum.

194 2247 226 2297 et
248 2258 322 2297 vero
346 2259 505 2319 possumus
527 2248 609 2299 retro
631 2240 757 2318 regredi
778 2241 860 2300 ultra
879 2242 1049 2300 Musaeum.
1087 2262 1159 2300 nam
1180 2242 1311 2300 Nonnus

191 2340 288 2399 Dion.
312 2340 459 2402 XXXIV
480 2349 515 2405 36
536 2361 605 2422 sqq.
871 2328 874 2332 ⁵

854 2431 892 2514 ὥς
914 2438 968 2520 μὲν
988 2433 1104 2518 ἀκούω,

367 2547 445 2622 τρεῖς
467 2534 594 2622 Χάριτες
616 2536 740 2622 γεγάασι
761 2541 904 2622 χορίτιδες
924 2534 1109 2622 Ὀρχομενοῖο

368 2635 529 2720 ἀμφίπολοι
553 2643 694 2722 Φοίβοιο,
716 2642 906 2724 χοροπλειιέος
928 2642 960 2704 δὲ
981 2645 1101 2704 Λυαίον

369 2742 424 2802 εἰσὶ
446 2745 621 2823 τριηκοσίων
644 2745 782 2823 Χαρίτων
803 2742 914 2822 στίχες,
937 2729 979 2802 ὧν
1000 2745 1053 2821 μία
1073 2737 1171 2822 μούνη

367 2839 490 2906 πασάων
512 2844 702 2931 προφέρουσα
724 2847 875 2922 φαείνεται
897 2866 925 2906 e.
949 2867 978 2926 q.
1001 2867 1025 2906 s.

194 3036 276 3096 quae
299 3017 443 3076 Musaeus
466 3019 573 3077 Nonni
603 3017 855 3096 diligentissimus
882 3016 1029 3090 imitator,
1061 3015 1192 3074 fortasse
1222 3015 1312 3074 disei-

193 3119 301 3196 pulus,
325 3119 489 3178 manifesto
512 3127 665 3179 mutuatus
689 3127 744 3180 est.
775 3121 843 3198 ipse
864 3138 938 3177 vero
962 3119 1093 3177 Nonnus
1115 3116 1168 3175 ubi
1191 3117 1312 3196 quaeris

193 3218 280 3278 unde
310 3218 441 3279 nitidam
470 3221 656 3280 sententiam
685 3221 877 3280 transtulerit
902 3253 937 3262 -
961 3221 1021 3278 iam
1050 3219 1132 3278 enim
1159 3220 1217 3278 toti
1243 3239 1336 3277 ver.

194 3339 299 3379 samur
326 3321 407 3380 inter
434 3321 585 3402 loquendi
611 3341 761 3381 venerum
788 3330 952 3386 venatores
975 3321 1197 3402 impigerrimos
1220 3329 1313 3401 atque

178 3421 422 3498 ‘elegantiorum
443 3443 589 3483 sensuum
610 3421 756 3482 furieulos
776 3422 970 3482 avidissimos
988 3457 1026 3466 —
1042 3423 1134 3504 facile
1151 3442 1186 3482 eo
1202 3422 1313 3482 dueare

195 3523 392 3601 suspitionis,
415 3531 449 3583 nt
463 3524 593 3604 primum
607 3524 696 3585 huius
713 3525 837 3583 luminis
858 3525 1053 3583 inventorem
1066 3524 1314 3583 Alexandrinum

197 3625 332 3704 aliquem
359 3634 483 3704 poetam
518 3626 613 3686 fuisse
637 3635 762 3686 statuas.
808 3625 923 3684 etenim
950 3645 990 3684 ne
1018 3627 1051 3684 in
1074 3625 1219 3684 Stratone
1249 3627 1313 3705 qui·

197 3724 269 3784 dem
292 3716 425 3785 eundem
446 3746 571 3787 sensnm
593 3727 763 3788 adhibente
786 3726 871 3785 anth.
894 3727 930 3786 P.
953 3725 1021 3786 XII
1044 3713 1107 3800 Ι181,
1132 3727 1185 3806 qni
1206 3728 1314 3787 Nouni

196 3827 296 3906 possit
319 3836 425 3888 auetor
445 3827 569 3903 haberi,
593 3829 851 3909 acquiescendum
874 3824 969 3904 est²):

157 4069 160 4074 ·
267 4044 287 4110 ¹)
308 4045 351 4098 cf.
368 4046 507 4097 Aristaen.
526 4048 540 4098 I
560 4050 573 4096 1
592 4063 619 4112 p.
638 4048 665 4110 5,
682 4049 698 4096 2
716 4062 744 4112 p.
762 4049 787 4110 9,
807 4050 823 4096 3
840 4062 867 4112 p.
888 4048 928 4110 13,
948 4047 980 4096 12
997 4062 1023 4112 p.
1043 4047 1085 4098 58.

266 4145 287 4211 ²)
305 4149 425 4198 Lueiani
443 4147 618 4214 Aleiphronis
631 4149 733 4198 Libani
751 4148 856 4198 similes
872 4148 1068 4210 sententiolae,
1088 4165 1155 4214 quas
1168 4148 1314 4199 Iakobsius

199 4231 338 4282 animadv.
359 4232 394 4299 ad
413 4233 488 4282 anth.
507 4237 572 4282 tom.
590 4233 614 4281 X
633 4249 658 4299 p.
678 4235 709 4283 71
730 4233 937 4296 commembra,
966 4235 1000 4284 ab
1018 4233 1188 4283 Aristaeneti
1205 4233 1315 4282 Musaei

197 4317 290 4368 Nonni
313 4316 450 4368 Stratonis
472 4318 514 4367 ita
536 4317 708 4383 discrepant,
736 4321 767 4369 ut
795 4333 828 4368 ex
850 4318 954 4368 talibus
980 4319 1197 4384 exaggeratione
1223 4317 1313 4367 suetis

198 4400 402 4467 cumulatisque
420 4411 488 4452 nata
505 4402 652 4455 videantur
670 4401 727 4454 ille.
