3254 5158
724 401 933 464 ..67-

270 583 301 634 ll
328 570 406 651 (10);
436 576 649 648 hispanarum
676 576 854 646 corpiitadiaa
874 578 949 632 mota
974 591 1046 648 qaae
1067 592 1194 633 vocamus
1223 581 1339 634 cotonea
1362 583 1391 632 et

270 678 373 732 Gracci
393 677 529 750 Cydonia,
560 693 575 732 e
597 677 682 733 Orata
703 679 794 732 insuto
816 678 934 734 advecta
952 716 960 732 .
976 718 983 732 .
997 719 1023 732 ..
1046 679 1131 750 plara
1160 693 1253 734 eoram
1274 692 1389 750 penora.

268 778 440 850 chrysomela
466 779 598 836 incisa-e
625 779 770 847 distinata,
801 781 893 835 colore
922 779 961 834 ad
987 796 1088 836 aarum
1114 781 1257 837 inclinato.
1301 796 1391 852 qaae

269 879 512 964 coatiatora.
531 883 672 935 nostratia
695 883 901 953 copaominato,
923 881 1043 937 odoris
1059 882 1389 955 praestantissimi.

293 1037 296 1043 ,
354 994 503 1076 Cydippe
530 997 638 1054 recitat
667 995 881 1057 iusiurandum
908 995 936 1055 εἰ
961 993 1012 1055 καὶ
1040 984 1183 1056 ἀκούσιόν
1211 1016 1241 1056 ιε
1267 992 1319 1055 καὶ
1341 988 1389 1054 νό-

268 1100 337 1154 θον.
381 1105 413 1156 at
440 1117 547 1156 nonne
576 1098 683 1156 mirum
711 1108 772 1173 est,
802 1099 836 1157 id
857 1101 957 1178 ipsum
979 1101 1183 1160 iuramentum
1212 1100 1273 1158 dici
1300 1086 1390 1157 δινού-

268 1191 334 1256 σιόν
355 1217 386 1256 τε
408 1193 458 1256 καὶ
481 1188 592 1272 νόθον,
623 1200 706 1259 cuius
736 1200 846 1259 efficax
867 1202 915 1260 vis
938 1221 974 1259 ac
996 1203 1143 1262 sanctitas
1167 1210 1232 1261 tota
1255 1221 1390 1279 compro·

267 1300 358 1361 betur
380 1300 510 1360 fabula?
546 1302 639 1378 igitur
661 1321 725 1360 non
748 1301 870 1376 dubito,
903 1304 978 1382 quin
1000 1303 1050 1362 hic
1073 1303 1191 1383 aliquid
1213 1303 1392 1382 peccaverit

268 1403 416 1482 sophista.
461 1403 601 1481 suspicor
623 1412 742 1478 autem,
776 1403 859 1462 hunc
883 1402 999 1463 duobus
1022 1405 1083 1465 illis
1111 1402 1269 1464 vocabulis
1297 1423 1391 1464 unum

270 1505 461 1583 expressisse
491 1504 573 1583 quod
604 1504 809 1564 Callimachus
841 1504 1025 1565 adhibuerit.
1070 1526 1106 1563 ac
1135 1505 1212 1565 dixit
1240 1505 1273 1564 ni
1301 1506 1391 1564 fallor

268 1614 363 1684 poeta
392 1607 466 1665 artis
495 1607 620 1664 omnino
649 1607 815 1681 vocabula,
843 1616 877 1666 ut
900 1605 1030 1666 Ovidius
1060 1606 1265 1680 demonstrat,
1298 1626 1335 1665 ea
1357 1607 1389 1664 in

269 1726 378 1766 caussa
400 1706 505 1786 lepide
527 1727 696 1786 usurpans,
727 1709 938 1768 iusiurandum
966 1697 1109 1782 ἐπακτόν,
1138 1708 1168 1767 h.
1193 1727 1220 1767 e.
1244 1707 1388 1782 delatum,

269 1828 348 1888 quae
377 1809 461 1868 notio
490 1810 580 1868 unice
604 1811 749 1869 convenit
771 1810 842 1870 huic
864 1812 943 1870 loco.
967 1810 1006 1870 cf.
1029 1809 1279 1894 Kuesterumlad
1303 1809 1388 1869 Suid.

268 1899 394 1981 ἐπακτὸς
424 1899 514 1988 ὅρκος
544 1918 575 1969 et
605 1910 740 1970 editores
768 1931 905 1991 paroem.
936 1903 1020 1972 Gatt.
1050 1910 1096 1970 ad·
1119 1911 1236 1970 Zenob.
1266 1912 1318 1970 III
1344 1920 1389 1972 80.

269 2011 354 2090 quod
377 2012 404 2071 si
426 2012 470 2071 ita
493 2019 553 2085 est,
579 2031 617 2071 en
642 2031 701 2092 quo
724 2013 815 2073 modo
839 2014 958 2073 numeri
979 2021 1092 2092 sponte
1116 2022 1325 2090 emergantur:

513 2138 604 2224 ὅρκον
617 2191 848 2210 ............
864 2146 891 2207 εἰ
911 2143 963 2207 καὶ
985 2139 1122 2208 ἐπακτόν.

267 2300 373 2380 itaque
396 2299 614 2360 Aristaenetus
637 2293 765 2371 ἔπακτος
794 2321 900 2382 parum
931 2301 1084 2362 subtiliter
1105 2302 1138 2359 in
1160 2292 1300 2369 ἀκούσιος
1321 2321 1389 2360 ver·

267 2403 342 2461 tissa
366 2423 430 2462 non
453 2411 617 2461 contentus
639 2402 785 2483 idemque
806 2390 964 2473 ἆκονοίονς
986 2395 1093 2481 ὅρκους
1115 2423 1134 2460 a
1148 2403 1221 2460 iuris
1239 2402 1389 2460 consultis

267 2503 368 2562 irritos
403 2502 463 2562 dici
497 2504 717 2583 intempestive
750 2523 866 2563 memor
896 2504 1005 2583 pingui
1038 2523 1131 2563 manu
1162 2502 1389 2564 Callimacheae

267 2606 442 2664 sententiae
464 2605 599 2664 turbavit
623 2605 818 2683 elegantiam.

351 2725 457 2784 Delati
479 2724 573 2801 igitur
601 2722 800 2782 iurisiurandi
822 2720 922 2780 verba
951 2720 1022 2780 dum
1050 2721 1160 2780 recitat
1187 2721 1305 2799 pudore
1327 2722 1388 2781 vir·

268 2825 362 2903 giaco
385 2824 572 2904 praepedita
601 2823 824 2904 nuptiarum
851 2823 906 2882 illa
934 2822 1076 2900 proloqui
1106 2823 1293 2880 mentionem
1325 2843 1388 2880 non

268 2926 414 3001 sustinet,
447 2927 503 2986 sed
527 2935 663 2986 extremo
691 2924 840 2984 vocabulo
868 2921 970 2982 medio
993 2942 1160 3002 suppresso
1189 2923 1299 3002 proicit
1326 2944 1388 2980 ma-

268 3030 338 3087 lum.
353 3062 394 3070 -
410 3048 490 3107 quae
506 3027 644 3087 narranti
659 3024 847 3086 Callimacho
864 3024 1084 3086 obversabatur
1098 3023 1181 3084 haud
1198 3023 1299 3098 dubie,
1316 3025 1389 3083 licet

267 3150 357 3189 nemo
381 3130 439 3189 hoc
461 3131 663 3209 interpretum
685 3127 877 3188 Aristaeneti
900 3126 1167 3200 animadverterit,
1198 3126 1324 3184 Homeri
1348 3125 1387 3183 de

267 3231 421 3292 Nausicaa
444 3251 550 3290 versus
574 3229 590 3298 ζ
610 3237 660 3293 66:

418 3356 458 3438 ὣς
481 3357 584 3442 ἔφατ’·
607 3363 708 3424 αἴδετο
730 3355 787 3444 γὰρ
809 3353 940 3443 θαλερὰν
962 3357 1058 3443 γάμον
1080 3357 1255 3440 ἐξονομῆναι

419 3463 508 3544 πατρὶ
531 3465 618 3548 φίλῳ.

269 3641 359 3700 quam
388 3622 552 3680 cumulavit
580 3640 656 3680 sane
686 3620 889 3680 Callimachus
918 3621 1105 3680 sententiam
1135 3616 1297 3689 addendo,
1325 3618 1387 3675 tale

267 3723 344 3782 illud
375 3742 444 3782 esse
472 3721 669 3795 vocabulum,
706 3721 787 3802 quod
816 3723 868 3780 vel
896 3721 956 3780 alio
986 3719 1208 3798 pronuntiante
1236 3738 1300 3776 non
1327 3718 1388 3776 nisi

268 3823 452 3884 erubescens
485 3822 606 3882 audiret
631 3842 741 3882 severa
764 3823 928 3903 quaepiam
950 3822 1046 3899 virgo.
1091 3815 1143 3878 καὶ
1166 3817 1307 3876 τοσοῦτον
1329 3812 1386 3888 ἕξε-

267 3923 414 4003 φοινίχθη
435 3913 468 3983 τδ
489 3915 667 4004 πρόσωπον,
697 3915 736 3996 ὦς
759 3921 875 3998 δοκεῖν,
903 3915 949 3980 ὅτι
976 3921 1035 3980 τῶν
1063 3905 1195 4000 παρειῶν
1221 3917 1308 3978 ἔνδον
1330 3911 1389 3995 εἶχέ

267 4047 333 4084 τινα
369 4021 467 4105 ῥόδων
494 4026 624 4104 λειμῶνα
656 4021 707 4084 καὶ
737 4015 769 4082 cd
798 4017 935 4102 ἐρύθημα
964 4022 1050 4082 τοῦτο
1077 4017 1170 4100 μηδὲν
1199 4021 1256 4079 τῶν
1284 4022 1387 4096 χειλῶν

266 4120 358 4204 αὐτῆς
380 4125 542 4206 διαφέρειν.
585 4130 664 4188 haec
687 4148 704 4186 e
727 4129 854 4188 Musaeo
877 4126 1107 4185 Aristaenetum
1129 4133 1296 4184 mutuatum
1319 4141 1386 4180 esse

267 4230 349 4290 haud
373 4232 485 4310 exigua
507 4231 574 4289 veri
596 4230 701 4308 specie
723 4229 844 4288 Tollius
867 4229 1038 4307 suspicatus
1063 4236 1118 4286 est.
1161 4228 1218 4284 iste
1243 4223 1323 4280 enim
1346 4220 1385 4278 de

266 4332 342 4391 Her.
365 4340 400 4393 58
420 4353 490 4413 sqq.

1138 4425 1183 4488 5*
