3284 5158
740 431 949 500 ..9ο-

287 613 383 669 retulit
409 611 558 684 Antipater
584 614 613 669 in
640 613 726 670 Antia
755 612 816 667 Pal.
844 611 892 668 IX
912 616 947 672 66
975 596 1025 678 τὰς
1052 599 1222 686 petroniano
1244 609 1403 684 Σαπφοῦς,

287 709 485 789 μελίφθογγοι
501 712 625 769 Μοῦσαι
645 720 709 770 rant
729 730 777 785 op.
792 713 911 769 Piadcr.
930 712 970 770 01.
993 712 1037 769 VI
1049 716 1098 769 36.
1128 711 1271 790 quocirca
1285 712 1402 790 Berghi

287 812 428 892 improbo
445 815 631 873 sententiam
647 813 848 891 Sapphonem
864 813 979 873 dixisse
993 805 1217 889 μελλιχόφωνοι.
1234 833 1305 872 nam
1319 814 1403 872 idem

287 916 314 975 si
330 913 377 974 dis
393 915 496 994 placet
512 914 618 975 dixere
632 914 759 993 Sappho
773 913 977 974 Philostratus
989 913 1214 988 Aristaenetus,
1231 913 1402 990 pstlpnvor.

288 1036 324 1075 ac
352 1015 476 1075 videtur
505 1017 558 1075 illa
589 1015 628 1074 de
662 1016 774 1095 puellis
808 1015 989 1074 canentibus
1021 1015 1102 1074 hanc
1133 1035 1242 1075 vocem
1276 1024 1307 1076 ct
1334 1019 1403 1097 ipsa

287 1135 468 1197 usurpasse,
498 1125 571 1196 puto
594 1118 626 1176 in
658 1118 761 1197 aliquo
790 1117 1002 1197 epithalamio,
1032 1136 1111 1198 quas
1135 1125 1166 1176 et
1187 1117 1281 1176 multa
1304 1117 1342 1176 ab
1366 1137 1402 1177 ea

288 1221 457 1298 composita
481 1238 549 1278 esse
573 1226 604 1278 et
625 1219 794 1299 praecipua
815 1219 914 1296 gloria
936 1218 1075 1278 floruisse
1098 1225 1228 1278 constat.

371 1356 438 1414 Ista
460 1363 561 1414 autem
583 1354 806 1434 paraphrastes
834 1355 867 1412 in
895 1354 1064 1414 inserenda
1086 1353 1229 1433 Sapphus
1257 1357 1403 1415 memoria

286 1456 454 1517 infidelitas
476 1457 660 1536 vanitasquc
682 1476 739 1516 nos
763 1455 918 1529 admonet,
941 1463 974 1515 ut
998 1454 1224 1516 diffidentiorcs
1246 1457 1307 1515 iam
1329 1457 1403 1517 facti

286 1567 381 1618 totam
404 1559 590 1618 sententiam
620 1557 842 1630 examinemus,
875 1557 923 1615 cui
950 1556 1005 1616 illa
1032 1557 1163 1616 inservit
1191 1558 1401 1618 exornandae.

289 1668 320 1720 ot
341 1660 480 1739 profecto
512 1679 548 1720 ea
577 1667 624 1718 est
651 1659 817 1738 suspitiosa
844 1667 878 1717 ut
901 1677 981 1737 quae
1008 1659 1149 1718 maxime.
1195 1658 1269 1738 quid
1298 1659 1402 1719 enim?

287 1761 494 1841 hymenaeum
517 1761 577 1820 iam
599 1762 778 1820 cecinerant
791 1759 929 1839 virgines
953 1768 1026 1819 ante
1041 1759 1210 1821 cubiculum
1226 1761 1400 1840 Cydippae,

287 1864 429 1922 nimirum
452 1883 519 1921 cum
541 1883 654 1942 sponso
670 1863 723 1920 illo
747 1861 960 1940 aparentibus
977 1862 1131 1921 destinato
1148 1862 1402 1924 concumbentis?

287 1966 411 2024 minime
433 1984 518 2023 vero.
562 1963 621 2023 hoc
647 1964 748 2042 ipsum
775 1964 873 2050 enim,
907 1971 941 2022 ut
968 1983 1009 2023 ne
1033 1962 1180 2042 Oydippa
1206 1972 1295 2044 rupto
1322 1965 1401 2024 iure-

287 2066 416 2126 iurando
433 2066 514 2124 illius
529 2086 605 2125 uxor
619 2067 715 2139 fieret,
738 2063 843 2124 morbo
859 2074 940 2124 esta
957 2064 1016 2125 dea
1039 2071 1169 2124 cautum.
1199 2065 1403 2125 cantabantur

287 2187 363 2228 sane
381 2167 547 2246 hymenaei
571 2167 663 2225 etiam
686 2174 758 2225 anto
781 2165 910 2244 primum
933 2165 1126 2226 concubitum
1148 2186 1205 2246 per
1227 2168 1402 2247 nuptiarum

288 2268 535 2329 sollemnitatem.
546 2263 572 2345 ¹)
617 2267 672 2328 sed
700 2267 739 2328 ab
768 2267 967 2330 Aristaeneto
996 2268 1226 2347 epithalamium
1260 2267 1403 2330 denotari

288 2377 428 2451 apparet.
474 2389 510 2428 ac
531 2388 572 2428 ue
598 2377 702 2449 potest
723 2370 767 2428 ita
797 2369 921 2450 quidem
958 2389 1086 2444 errasse,
1109 2378 1143 2429 ut
1173 2370 1296 2430 diversa
1325 2372 1403 2430 haec

286 2473 527 2552 hymenaeorum
549 2490 665 2549 genera
688 2471 872 2532 confuderit.
910 2491 981 2530 nam
1002 2470 1131 2532 Ovidius
1153 2471 1236 2533 XXI
1256 2480 1292 2535 43
1306 2493 1375 2554 sqq.

439 2625 555 2683 cumque
577 2610 635 2665 dier
655 2612 731 2665 coris
751 2615 848 2684 aptota
865 2609 1033 2683 parantibus
1054 2611 1178 2678 instat,

488 2713 648 2773 immodicam
664 2713 776 2784 pariter
797 2713 925 2784 eorporis
946 2712 1034 2767 ardor
1056 2712 1143 2771 adest.

439 2816 465 2870 ei
484 2813 565 2870 mibi!
586 2814 745 2886 contupii
764 2819 896 2886 tempas
918 2814 1078 2869 crudelis
1100 2816 1147 2870 ad
1166 2817 1278 2887 ipsam

488 2915 667 2988 Persephone
688 2920 799 2971 nostros
817 2916 912 2987 pulsat
931 2916 1034 2971 acerba
1054 2909 1177 2991 fores2).

286 3066 376 3127 vides
392 3067 484 3144 igitur
500 3065 720 3128 Callimachum
734 3063 839 3124 morbo
856 3073 1027 3145 correptam
1038 3064 1212 3144 prodidisse
1226 3066 1402 3147 Oydippam
1428 3123 1431 3126 .

287 3177 377 3228 anto
399 3170 574 3248 nuptiarum
598 3168 694 3241 diem,
723 3167 779 3226 sed
808 3166 947 3227 omnibus
971 3167 1011 3226 ad
1040 3168 1164 3247 nuptias
1186 3169 1247 3228 iam
1275 3171 1400 3248 paratis,

286 3272 376 3330 immo
401 3271 492 3331 etiam
514 3269 771 3330 sollemnitatibus
799 3270 860 3328 iam
886 3269 1037 3328 incohatis
1067 3267 1239 3349 oblatisque
1268 3270 1400 3329 fortasse

286 3369 463 3448 προτελείοις
486 3372 536 3431 vel
558 3371 759 3448 προγαμείοις,
781 3379 815 3429 ut
827 3374 915 3444 pallio
937 3389 967 3431 v.
990 3378 1040 3433 170
1061 3370 1242 3430 sollemnem
1257 3372 1401 3430 vestitum

285 3473 425 3534 indicare
457 3462 652 3533 videantur.x
681 3472 741 3531 iam
773 3472 830 3532 hos
860 3492 983 3553 quoque
1013 3473 1088 3531 mihi
1116 3471 1277 3532 considera
1306 3471 1400 3533 Ovidi

285 3595 393 3636 versus
415 3575 435 3634 l.
459 3593 485 3634 c.
509 3581 671 3638 ras—168:

437 3728 502 3768 nam
524 3727 613 3786 quare
633 3714 756 3786 quotiens
776 3713 891 3769 socialia
911 3727 996 3768 soora
1014 3719 1166 3784 parantur,

487 3818 626 3886 nupturae
648 3816 745 3872 totiens
766 3816 897 3888 loapuido
919 3814 1041 3871 membra
1063 3815 1186 3870 cadunt?

285 3991 488 4000 ..ιο-.-

353 4114 373 4180 ¹)
392 4115 471 4182 Apud
482 4114 597 4166 Hesiod.
611 4119 679 4166 scut
692 4118 742 4169 273
759 4115 929 4180 hymenaeus
947 4114 1068 4177 canitur,
1088 4113 1151 4166 dum
1168 4115 1246 4180 virgo
1266 4114 1300 4164 ad
1318 4129 1400 4179 spon-

285 4218 345 4253 sum
363 4201 479 4252 ducitur.
515 4200 553 4250 cf.
572 4200 605 4249 ds
626 4215 659 4249 ea
677 4216 705 4250 rs
723 4199 909 4264 Hartungium
927 4197 1020 4264 philol.
1038 4199 1080 4249 III
1098 4216 1124 4264 p.
1143 4201 1206 4262 238,
1231 4199 1261 4251 0.
1281 4199 1311 4247 F.
1330 4198 1400 4248 Her·

286 4302 415 4337 mannum
433 4301 474 4351 gr.
492 4284 702 4335 Privatalterth.
720 4286 735 4346 ξ
753 4286 794 4344 31,
814 4285 855 4334 15.

352 4386 374 4450 ²)
392 4388 423 4439 V.
441 4388 475 4438 45
493 4385 638 4438 emendavi
654 4384 785 4436 librorum
803 4385 966 4451 scripturam
983 4387 1085 4437 etmihi
1101 4385 1220 4450 00010911.
