3254 5158
739 425 994 520 '-22-.w

310 642 414 694 essent
436 651 584 692 novarum
605 652 706 692 rerum
720 632 883 693 lenociniis
899 640 991 712 atque
1007 632 1237 712 exquisitiorum
1252 631 1422 692 fabularum

310 734 552 796 oblectamentis.

394 838 504 917 Itaque
521 835 711 916 Cyrenensis
732 837 769 894 in
793 835 922 909 aetiis,
947 834 1055 915 quibus
1071 834 1277 915 principatum
1295 835 1423 913 elegiaci

310 940 434 1016 generis
457 946 564 999 nactus
588 946 648 1012 est,
672 945 805 997 remotos
828 937 1014 1016 obrutosque
1036 936 1206 996 fabularum
1228 937 1331 996 fontes
1346 936 1424 996 adiit
1487 971 1493 978 ·

310 1060 346 1099 ac
360 1040 540 1100 reconditae
557 1039 716 1099 doctrinae
731 1060 795 1098 non
811 1039 871 1098 nisi
887 1059 905 1097 a
920 1039 1110 1118 paucissimis
1131 1058 1297 1118 possessae
1312 1039 1424 1098 horrea

310 1124 440 1220 aperuit.
468 1139 553 1202 unde
575 1149 713 1222 repetas,
738 1140 821 1222 quod
844 1141 927 1221 apud
942 1142 1117 1201 Martialem
1131 1141 1196 1203 Xe
1218 1141 1323 1222 aliqua
1343 1141 1424 1200 veri·

309 1244 381 1302 tatis
404 1245 613 1322 superlatione
629 1245 710 1303 aetia
727 1243 906 1303 Callimachi
922 1242 1061 1304 abstrusa
1076 1241 1235 1323 quaelibet
1249 1263 1285 1302 ac
1299 1251 1424 1323 porten-

308 1353 377 1404 tosa
399 1353 430 1404 et
452 1367 470 1404 a
493 1345 648 1405 cotidiana
675 1346 742 1405 vita
768 1346 970 1406 remotissima
998 1345 1181 1422 significant.
1227 1365 1287 1425 quo
1312 1353 1343 1406 et
1363 1346 1424 1405 Lu-

310 1447 391 1506 ciani
413 1444 495 1506 redit
517 1447 582 1506 fere
605 1448 719 1506 crimen
728 1471 737 1522 ,·
765 1445 985 1507 Callimachum
1007 1454 1213 1506 monstruosas
1241 1447 1423 1507 horrendas-

310 1567 370 1628 que
392 1568 442 1608 res
471 1549 676 1608 luxuriantem
706 1549 892 1628 depingere,
922 1548 962 1607 de
986 1567 1103 1608 consor.
1125 1548 1197 1609 hist.
1220 1555 1263 1623 57,
1286 1547 1339 1608 ubi
1361 1551 1425 1609 lau·

309 1649 383 1708 data
396 1650 524 1710 Homeri
547 1651 670 1710 excelsa
692 1653 831 1710 castitate
853 1651 931 1710 haec
954 1648 1192 1728 subiunguntur:
1215 1647 1242 1708 εί
1256 1645 1288 1710 di
1303 1647 1426 1728 Παρθέ-

309 1769 373 1820 νιος
395 1740 414 1825 ἢ
435 1741 598 1827 Εὐφορίων
625 1739 644 1826 ἢ
668 1752 852 1829 Καλλίμαχος
880 1748 976 1830 ἔλεγε,
1005 1741 1107 1822 πόσοις
1132 1742 1172 1809 τίν
1200 1749 1257 1810 οἴει
1284 1747 1366 1812 dacor
1393 1742 1425 1811 τὸ

267 1891 271 1898 -
307 1842 388 1930 ὕδωρ
410 1843 478 1929 ίίχρι
499 1842 573 1924 πρὸς
595 1843 628 1911 τὸ
652 1857 745 1929 χεῖλος
766 1853 820 1911 τοῦ
845 1844 997 1912 Ταντάλου
1025 1845 1149 1930 tyram
1179 1845 1241 1912 εἶτα
1262 1847 1365 1925 πόσοις
1386 1846 1426 1912 civ

303 1944 410 2024 Ἰξίονα
433 1945 545 2011 ἐκύλισε
554 1950 597 2032 1);
633 1954 813 2015 Callimachi
840 1953 1046 2014 sectatoribus·
1069 1951 1192 2029 μέλαινα
1215 1953 1328 2034 ἱστορία
1350 1958 1424 2018 assi·

308 2063 419 2132 gnatur
434 2075 452 2112 a
466 2055 613 2135 Philippo
629 2057 713 2116 anth.
729 2058 765 2116 P.
780 2057 830 2115 XI
845 2065 905 2124 347,
921 2064 999 2134 Asq.
1023 2075 1058 2113 ac
1080 2065 1170 2116 notus
1194 2066 1241 2117 est
1257 2057 1424 2118 Clementis

308 2158 393 2216 locus
415 2165 517 2217 strom.
540 2159 570 2217 V
591 2167 608 2220 8
630 2178 661 2237 p.
685 2164 737 2220 676
759 2155 841 2216 Pon:
870 2146 1032 2233 Εὐφορίων
1053 2146 1110 2234 γαρ
1133 2146 1149 2214 ὁ
1172 2147 1296 2234 ποιητὴς
1318 2155 1368 2217 καὶ
1390 2147 1426 2216 τοὶ

309 2252 549 2335 Καλλιμάχου
571 2256 678 2317 αἴτια
700 2255 751 2316 καί
772 2248 792 2332 ἡ
815 2251 1017 2333 Λυκόφρονος
1034 2245 1214 2336 Ἀλεξάνδρα
1234 2256 1285 2318 καί
1307 2249 1342 2318 τὰ
1365 2279 1425 2318 τοι-

308 2352 407 2430 ούτοις
435 2353 627 2439 παραπλήσια
653 2355 818 2439 γυμνάσιον
840 2357 881 2430 είς
904 2353 1040 2438 ἐξήγησιν
1067 2351 1274 2439 γραμματικὴν
1296 2358 1425 2421 ἔκκειται

308 2454 427 2520 ἅπασιν.
478 2463 586 2542 utique
616 2464 659 2522 eis
687 2461 787 2541 poetis
816 2462 1019 2540 grammaticis
1047 2461 1297 2522 adnumerandus
1329 2463 1424 2543 Cyre·

309 2564 415 2624 nensis
433 2573 492 2638 est,
517 2565 623 2643 quiin
646 2563 794 2623 rimandis
818 2583 854 2622 ac
875 2563 1054 2642 promendis
1077 2565 1233 2624 minutulis
1256 2563 1425 2624 fabularum

308 2667 470 2725 momentis
498 2664 704 2745 proditaeque
732 2665 985 2744 mythographiae
1009 2666 1096 2746 quasi
1118 2665 1236 2726 lacunis
1261 2665 1424 2746 explendis

307 2767 360 2826 vel
382 2767 595 2844 repugnantiis
622 2767 812 2844 corrigendis
842 2766 1039 2826 elaborarint.
1069 2767 1108 2826 cf.
1131 2769 1164 2825 in
1186 2768 1253 2827 Ιοτ.
1277 2775 1308 2842 6,
1340 2769 1424 2827 anth.

307 2869 343 2927 P.
366 2869 416 2927 XI
438 2877 503 2942 321,
526 2877 544 2930 3
567 2877 598 2928 et
619 2863 678 2944 6²).
723 2885 782 2948 qno
813 2869 845 2927 in
868 2888 983 2946 genere
1005 2889 1068 2928 una
1090 2889 1157 2929 cum
1179 2867 1367 2929 Callimacho
1392 2871 1425 2930 in

376 3101 395 3166 ¹)
414 3104 496 3154 Hanc
508 3103 627 3153 Luciani
641 3117 701 3154 esse
714 3109 832 3154 mentem
845 3119 899 3153 non
911 3103 991 3154 modo
1003 3103 1152 3155 Plersonus
1166 3104 1202 3155 ad
1213 3105 1317 3156 Herod.
1330 3121 1355 3171 p.
1365 3107 1424 3168 440,

310 3189 357 3252 qui
375 3189 489 3238 miratus
509 3192 551 3238 est
564 3186 736 3237 Callimacho
755 3186 945 3254 βραχυλογίας
964 3188 1163 3239 studiosissimo
1176 3189 1357 3253 loquacitatis
1371 3191 1423 3240 cri-

299 3288 370 3331 men
388 3273 502 3333 intendi‚
521 3272 700 3336 Heyniusque
719 3286 812 3338 opusc.
828 3255 935 3324 scridl
953 3290 978 3338 p.
993 3275 1025 3323 93
1045 3277 1073 3324 et
1084 3273 1286 3339 Hertzbergius
1304 3279 1424 3340 quaesti.

307 3357 388 3420 Prop.
407 3354 433 3422 p.
448 3359 508 3418 190,
529 3355 577 3406 sed
596 3356 680 3407 etiam
692 3355 816 3408 itachius
835 3359 956 3422 opusc.I
974 3373 1000 3422 p.
1013 3359 1054 3422 61,
1074 3358 1232 3410 Meinekius
1246 3358 1331 3410 anall.
1346 3359 1424 3412 Alex.

307 3457 333 3505 p.
348 3442 380 3490 35
393 3456 432 3506 sq.
453 3444 480 3490 et
492 3439 686 3504 Bernhardyus
704 3457 743 3506 gr.
756 3442 824 3491 Litt.
839 3441 910 3492 111²
928 3459 954 3508 p.
969 3444 1018 3492 500
1035 3459 1091 3493 non
1102 3443 1239 3494 viderunt.
1270 3443 1319 3494 illa
1333 3448 1425 3494 autem

308 3523 474 3575 Callimachi
486 3525 669 3590 Euphorionis
681 3526 815 3576 Partheni
827 3527 972 3592 propensio
985 3527 1075 3592 qualis
1088 3528 1182 3591 tuerit,
1195 3527 1288 3578 multis
1301 3529 1330 3578 ni
1343 3528 1426 3578 fallor

308 3609 429 3659 cernitur
450 3609 550 3660 Ovidi
572 3608 657 3671 locis,
677 3611 723 3674 qui
742 3612 850 3661 omnino
870 3616 934 3675 quot
951 3611 1107 3662 nominibus
1125 3612 1245 3678 pendeat
1258 3613 1293 3663 ab
1305 3611 1425 3680 Alexan-

308 3695 445 3743 drinorum
463 3699 522 3745 arte
541 3695 659 3744 nondum
677 3696 745 3745 satis
763 3699 937 3761 perspectum
951 3700 1000 3747 est.
1027 3695 1064 3747 ci.
1077 3701 1141 3747 met.
1156 3698 1194 3746 vl
1210 3698 1269 3751 359.
1281 3699 1424 3750 acu-391.

308 3779 449 3851 ecberto.
470 3781 613 3830 ese-646.
636 3780 662 3829 X
680 3782 823 3832 soa—513.
859 3780 904 3830 cll.
922 3785 986 3830 met.
1005 3782 1043 3833 VI
1061 3781 1111 3832 319
1124 3796 1174 3846 sq,
1194 3783 1268 3833 trist.
1285 3783 1314 3834 II
1332 3784 1373 3836 64.
1397 3787 1426 3832 et

308 3862 395 3913 habet
413 3863 529 3915 Ovidius
548 3880 614 3930 prae
633 3866 734 3915 ceteris
751 3880 847 3916 versus
865 3865 928 3915 illos
946 3859 1170 3931 λελυχινμὲνους.

374 3981 395 4044 ²)
414 3982 476 4032 Huc
489 3999 523 4033 ne
537 3984 664 4041 referam,
684 3984 755 4047 quod
767 3982 956 4034 Callimachus
975 3983 1183 4049 Apollodoro
1201 3985 1356 4036 Aristarchi
1369 3985 1424 4036 dis-

307 4065 400 4132 cipulo
420 4066 492 4132 apud
511 4067 602 4118 Strab.
620 4069 672 4120 VII
690 4085 716 4134 p.
735 4070 785 4119 299
804 4068 881 4118 audit
901 4060 979 4120 πάνυ
1002 4061 1246 4135 μεταποιούμενος
1268 4068 1319 4136 τῆς
1337 4086 1423 4136 χραμ-

307 4149 436 4218 ματικῆς,
451 4151 594 4201 dissuadet
611 4152 667 4203 loci
679 4168 774 4203 nexus.
794 4153 830 4206 ct.
843 4153 941 4203 Lehrsi
953 4153 1105 4204 Aristarch.
1119 4172 1145 4220 p.
1159 4157 1220 4216 255,
1234 4153 1425 4220 Sangebuschi

307 4237 372 4286 diss.
391 4237 497 4288 Hom.I
514 4251 540 4300 p.
553 4235 594 4286 43.
631 4237 680 4287 sed
698 4235 899 4287 Callimachum
918 4239 1020 4288 acerbe
1040 4240 1131 4304 carpit
1149 4238 1247 4290 Strabo
1265 4236 1348 4288 valde
1366 4254 1424 4288 me-

307 4320 436 4372 morabili
458 4321 519 4372 loco
538 4321 577 4372 IX
595 4321 653 4382 397,
679 4337 758 4385 quern
777 4326 840 4386 apte
865 4337 974 4387 possem
997 4321 1145 4385 adhibere,
1169 4322 1198 4372 ni
1220 4322 1353 4388 longioris
1370 4323 1424 4374 hoc

307 4405 502 4468 disputationis
527 4408 609 4456 esset.
646 4405 732 4456 verba
755 4409 846 4456 autem
873 4407 974 4458 incerti
997 4408 1072 4472 epici
1096 4423 1113 4458 a
1131 4405 1304 4459 Callimacho
1328 4407 1422 4474 derisi,
