3254 5158
657 403 868 487 439...

204 599 280 658 meri
303 597 434 658 anecdd.
458 597 517 659 O'x.
541 598 575 657 II
596 619 627 678 p.
651 605 703 660 436
724 617 749 656 s.
772 617 801 656 v.
821 581 955 674 Ἑκάλη).
985 616 1045 676 quo
1068 597 1204 675 pertinet
1227 595 1319 657 Calli-

205 700 304 768 machi
325 700 383 778 frg.
406 707 470 762 429:
887 717 889 721 ·

886 797 972 856 τοῦτο
994 787 1051 876 γολρ
1072 784 1167 871 αὐτὴν

406 900 538 977 κωμῆται
561 891 667 958 καλεον
689 895 839 980 περιηγέες

206 1029 236 1080 et
258 1021 316 1098 frg.
338 1028 389 1082 41:

766 1121 831 1176 τῖον
854 1115 884 1176 δέ
907 1113 922 1176 ἕ
942 1107 1050 1188 πάντες
1072 1105 1168 1174 ὁδῖται

463 1203 522 1298 ἦρα
544 1218 727 1295 petulculus·
749 1215 796 1296 ἔχε
816 1208 874 1298 γὰρ
895 1215 977 1296 τέγος
998 1208 1168 1292 ολκλήιστον.
1201 1265 1204 1271 .

205 1375 243 1432 ci.
259 1372 411 1432 Naekium
426 1373 503 1431 Hoc.
520 1393 551 1450 p.
570 1379 602 1433 18
617 1393 663 1452 sq.
681 1380 711 1431 et
727 1382 773 1433 101
792 1391 861 1450 sqq.
880 1401 916 1413 -
935 1378 965 1428 et
986 1371 1018 1428 in
1036 1369 1171 1428 Crameri
1188 1367 1318 1427 anecdd.
1425 1417 1426 1421 ,

206 1473 264 1534 Ox.
287 1474 334 1534 IV
355 1494 386 1552 p.
409 1481 475 1536 403:
509 1462 640 1548 Ἀχιλεύς
667 1467 724 1550 γάρ
751 1463 810 1530 ἀπὸ
841 1471 894 1529 τοῦ
916 1462 987 1546 ἄχος
1009 1462 1086 1528 εἶναι
1103 1459 1227 1526 Ἰλεῦσιν
1250 1467 1318 1546 (sic)

204 1562 297 1651 ἤγουν
325 1577 386 1644 τοῖς
417 1569 519 1650 Τρωσὶ
547 1563 622 1631 κατὰ
650 1569 856 1650 φερωνομίαν·
885 1559 944 1628 ὑπὸ
971 1560 1028 1648 γὰρ
1055 1568 1141 1639 θείας
1170 1566 1318 1646 προνοίας,

206 1666 244 1746 ὦς
272 1672 331 1750 ἔφη
359 1673 559 1750 Καλλίμαχος,
588 1667 703 1750 ἐκλήθη
730 1663 831 1742 οὕτως.
877 1692 956 1753 quae
985 1670 1094 1730 eadem
1122 1671 1187 1730 fer'e
1209 1671 1319 1731 Eusta-

204 1777 284 1835 thius
313 1775 408 1836 habet
437 1775 476 1834 ad
498 1776 535 1834 Il.
565 1796 595 1855 p.
622 1781 667 1849 14,
701 1775 762 1833 nisi
791 1773 875 1854 quod
903 1795 958 1853 pro
984 1772 1161 1832 Callimachi
1195 1772 1320 1830 nomine

204 1878 293 1956 ponit
320 1868 404 1934 καθα
431 1897 475 1946 τις
505 1872 571 1951 ἔφη.
585 1871 609 1954 ¹)
656 1875 765 1935 eodem
792 1876 860 1934 loco
889 1872 1118 1933 memorandum
1142 1872 1321 1934 Callimachi

157 2049 160 2064 ¹
206 1987 252 2037 est
279 1979 337 2056 frg.
367 1987 397 2040 61
431 1999 469 2037 ex
497 1978 615 2036 Hecala
645 1976 873 2055 depromptum,
910 1976 1024 2054 quippe
1055 1994 1114 2053 quo
1145 1973 1184 2032 ad
1215 1981 1320 2032 notam
1418 1983 1420 1988 ⁴

203 2079 287 2137 illam
308 2078 347 2137 de
373 2079 540 2138 Erechthei
562 2078 614 2138 vel
634 2077 815 2137 Erichthoui
838 2077 957 2154 origine
980 2075 1164 2135 obscaenam
1186 2073 1320 2132 fabulam

204 2180 291 2239 huius
320 2198 433 2238 nomen
464 2187 632 2238 revocetur.
683 2198 869 2259 quamquam
898 2178 979 2237 hanc
1010 2176 1226 2255 etymologiam
1259 2175 1320 2232 frc—
1352 2198 1359 2212 ·
1408 2199 1414 2203 ·

204 2289 383 2361 quentatam
405 2279 569 2339 admodum
589 2300 661 2338 num
677 2280 880 2340 Callimachus
903 2279 1018 2358 primus
1039 2277 1209 2350 invenerit,
1234 2275 1320 2334 ‹lubi-

202 2383 280 2440 tatio
312 2402 379 2440 csse
408 2389 520 2460 potest.
551 2382 588 2439 cf.
611 2381 783 2440 Prellerum
808 2380 937 2459 mythol.
960 2380 978 2438 I
999 2401 1030 2458 p.
1056 2384 1106 2440 158
1127 2399 1158 2436 n.
1181 2387 1206 2452 2,
1233 2378 1320 2456 Hey-

204 2483 287 2541 nium
310 2481 357 2541 ad'
372 2483 519 2562 Apollod.
541 2483 593 2541 III
616 2489 663 2554 14,
687 2491 719 2555 6,
742 2482 896 2541 Naekium
918 2481 995 2540 Hec.
1019 2501 1050 2559 p.
1071 2488 1114 2542 69.
1154 2479 1202 2538 his
1229 2497 1320 2556 porro

204 2584 360 2642 nominum
388 2582 505 2643 lusibus
534 2582 701 2642 adnumero
726 2582 907 2642 Callimachi
930 2582 987 2660 frg.
1012 2579 1095 2660 quod
1125 2588 1209 2639 extat
1237 2578 1319 2656 apud

145 2685 161 2708 ’“
203 2673 374 2743 Herodian.
400 2683 438 2742 de
463 2684 534 2743 dict.
558 2685 638 2744 solit.
662 2684 758 2742 XLII
779 2691 828 2745 27:
865 2678 977 2758 λέγεται
1000 2676 1033 2739 δὲ
1062 2671 1150 2759 (ἄτη)
1180 2675 1228 2736 καλ
1257 2699 1316 2751 τρι-

203 2773 354 2861 συλλάβως
377 2779 408 2841 ἐν
430 2783 556 2864 συστολῇ
577 2783 631 2841 τοῦ
653 2803 681 2856 α,
705 2776 750 2854 ὡς.
766 2771 847 2859 παρολ
868 2781 911 2864 τῷ
933 2779 1095 2861 Κυρηναίῳ

430 2899 488 2959 εἴτε
510 2921 562 2978 μιν
583 2888 709 2979 αἰργείων
732 2889 787 2978 χρὴ
810 2896 864 2976 μὲν
886 2901 987 2957 καλεῖν
1009 2890 1103 2973 ἆολιην

205 3057 283 3116 quae
305 3037 450 3097 Lchrsius
479 3036 572 3096 adh.
595 3038 616 3096 l.
640 3037 764 3114 corrigit
793 3032 852 3093 εἴτε
879 3055 931 3110 μιν
950 3026 1090 3111 Ἀργείων
1119 3031 1174 3109 χρὴ
1204 3027 1319 3090 καλέειν

203 3130 314 3212 curav,
347 3138 509 3197 Heckerus
539 3158 644 3197 comm.
676 3137 715 3196 de
744 3136 828 3195 anth.
859 3143 928 3198 1843
954 3157 985 3214 p.
1009 3143 1061 3195 200
1089 3131 1148 3192 εἴτε
1177 3153 1228 3209 μιν
1252 3125 1318 3209 Ἀρ-

203 3237 290 3315 γείων
313 3237 388 3314 χρῆν
409 3257 444 3314 με
467 3239 567 3296 καλεῖν
589 3220 695 3314 ictui,
719 3239 845 3317 optione
867 3246 970 3297 tamen
994 3234 1067 3293 data
1087 3236 1169 3294 inter
1190 3232 1266 3312 χρῆν
1289 3243 1320 3293 et

204 3331 272 3415 χρή,
297 3360 423 3419 quorum
445 3341 597 3419 posterius
620 3340 845 3421 amplectuntur
860 3337 1011 3415 Bergkins
1034 3339 1119 3398 anth.
1135 3337 1195 3416 lyr.
1211 3357 1240 3415 p.
1258 3346 1318 3409 131,

205 3438 243 3500 Ο.
260 3440 468 3502 Schneiderus
483 3442 623 3522 p'rolegg.
639 3443 672 3502 in
689 3449 749 3500 act.
765 3447 854 3521 pro,
871 3439 1023 3499 Reuehius
1041 3439 1091 3498 die
1107 3439 1186 3516 frgg.
1210 3437 1239 3496 d.
1255 3437 1319 3497 Ait.

205 3667 321 3741 εἰσκοὶλη
340 3662 359 3740 ἢ
377 3669 490 3740 tinnitu,
514 3665 533 3739 ἡ
552 3666 623 3738 πρὸς
642 3665 748 3739 ἕανιήν
765 3667 976 3738 προιρὲπονσα·
1001 3665 1100 3737 φιλικὴ
1119 3665 1187 3736 γάρ·
1215 3661 1253 3730 ὥς
1270 3667 1318 3720 καλ

200 3749 377 3824 Ἑκαλήσιος*
392 3749 495 3824 Ἑκάλη
514 3744 567 3809 οὖν
585 3775 609 3813 e.
628 3774 654 3824 q.
673 3774 696 3809 s.
881 3763 882 3766 ’

273 3841 293 3909 ¹)
311 3843 403 3892 Aliam
421 3842 543 3894 eiusdem
555 3843 673 3892 nominis
686 3842 898 3906 originationem
912 3855 1027 3904 eamque
1040 3839 1113 3889 haud
1125 3840 1251 3905 profecto
1264 3838 1319 3889 ele·

205 3927 359 3992 gentionem
371 3928 498 3993 producit
509 3926 648 3993 Euphorio
662 3927 715 3992 frg.
727 3927 759 3976 56
770 3925 818 3975 ubi
831 3943 855 3975 v.
870 3924 991 3974 Meiuek.
1004 3924 1033 3972 in
1046 3922 1193 3974 analectis.
1217 3927 1319 3972 utram·
1431 3971 1438 3983 ‚

205 4026 256 4075 que
275 4010 354 4062 simul
373 4012 480 4077 profert
497 4010 649 4062 scholiasta
667 4009 703 4060 ad
720 4008 753 4060 Il.
773 4010 795 4058 A
814 4012 837 4072 1,
856 4009 968 4074 pronior
985 4006 1033 4058 ille
1050 4008 1079 4057 in
1092 4006 1319 4058 Callimacheam.

205 4111 264 4145 eam
288 4099 385 4146 contra
401 4095 587 4161 Euphorionis
611 4110 688 4144 suam
714 4093 823 4143 faciunt
840 4093 939 4144 Snidae
959 4096 987 4142 et
1004 4092 1090 4146 schol.
1108 4092 1140 4144 Il.
1159 4092 1190 4143 H
1206 4094 1247 4142 37.
1285 4107 1319 4140 ac

204 4178 283 4242 plura
301 4181 387 4229 ctiam
405 4179 464 4230 eius
482 4179 599 4230 nominis
616 4181 802 4244 proponuntur
819 4176 974 4242 veriloquia
993 4181 1074 4242 etym.
1095 4177 1163 4228 Gud.
1181 4194 1206 4240 p.
1226 4177 1267 4236 99,
1286 4176 1319 4223 33

205 4267 233 4311 et
252 4268 332 4325 etym.
352 4280 386 4315 ru.
405 4281 430 4328 p.
451 4265 508 4327 181,
526 4265 571 4314 25.
606 4262 799 4328 etymologiam
820 4262 904 4326 plane
928 4277 1005 4312 suam
1029 4261 1125 4313 vendit
1142 4259 1318 4310 Ptolemaeus

205 4361 266 4397 nov.
285 4346 348 4398 hist.
367 4348 396 4396 in
414 4348 495 4398 Photi
513 4348 581 4398 bibl.
598 4349 613 4398 I
630 4363 656 4412 p.
678 4347 754 4398 mab
773 4349 805 4397 31
823 4347 913 4398 Bekk.
