3284 5158
749 445 981 510 -116-

347 605 441 677 τιοίίδι
462 613 517 696 μὲν
539 613 679 678 Κυδώνια
701 618 780 696 μᾶλα
801 618 1017 698 ποτερρίπτουν
1039 614 1107 678 ποτὶ
1131 616 1241 698 δίφρον
1261 610 1377 694 δι’νακτι,

347 707 442 779 πολλὰ
465 715 497 779 δὲ
518 713 649 800 μύρσινα
670 714 770 796 φύλλα

347 820 398 881 καὶ
421 819 559 904 ῥοδίνους
579 816 745 898 στεφάνους
767 820 823 881 ἴων
845 842 875 882 τε
897 821 1061 903 κορωνίδας
1082 814 1172 894 ου’ίας

304 962 338 1022 in
366 980 441 1021 vase
469 962 552 1040 picto
579 959 663 1041 apud
687 958 891 1022 Gerhardium
912 960 1050 1021 Vasenb.
1075 967 1140 1036 169,
1168 970 1179 1020 l
1210 957 1262 1037 (cf.
1279 958 1422 1021 Iahnium

304 1064 477 1126 Vasenkat.
499 1061 564 1142 283)
599 1065 738 1138 Helena,
769 1083 849 1143 quae
877 1085 896 1122 a
922 1064 1068 1124 Menelao
1098 1063 1219 1124 domum
1249 1061 1419 1137 deducitur,

305 1185 429 1246 pomum
450 1185 543 1225 manu
565 1174 675 1244 gestat.
708 1165 844 1245 denique
866 1165 998 1225 Arabius
1022 1165 1107 1224 anth.
1131 1164 1221 1223 Plan.
1246 1173 1310 1227 1442

447 1274 559 1342 Ἕδνα
580 1280 705 1361 γάμων
728 1280 862 1359 ξ’ρριτττες
883 1270 903 1358 ἢ
926 1271 1072 1362 ἀμβολίην
1094 1283 1255 1359 ταχυτῆτος

507 1385 593 1444 τοῦτο
614 1381 701 1463 γέρας
723 1377 818 1466 κούρῃ
840 1378 980 1463 χρύσεον,
999 1371 1187 1460 Ἰπιτόμενεςς

389 1525 455 1583 Iam
476 1522 588 1604 liquet,
613 1532 703 1603 puto,
729 1543 819 1604 quem
842 1521 996 1607 adfinem
1018 1529 1084 1581 tota
1105 1521 1183 1580 haec
1204 1529 1352 1600 properet
1370 1540 1420 1580 ex-

304 1626 428 1705 positio.
473 1624 517 1683 ab
545 1625 691 1686 Aconti
719 1645 826 1705 pomo
854 1624 1070 1702 singularis
1105 1622 1260 1704 quidam
1293 1643 1421 1702 pomo·

303 1749 381 1787 rum
410 1747 499 1787 usus
528 1727 722 1805 nuptialis
751 1725 1025 1805 repetebatur,
1058 1713 1122 1807 qui
1143 1725 1230 1784 Deli
1253 1725 1341 1784 olim
1362 1725 1420 1783 vi·

304 1828 430 1906 gebat.
482 1829 507 1887 is
537 1848 611 1888 vero
640 1849 712 1889 usus
746 1829 844 1908 qualis
878 1829 972 1888 fuerit
1001 1829 1110 1908 nequit
1142 1847 1218 1886 sane
1252 1827 1420 1886 accuratius

306 1930 437 1990 deliniri.
482 1950 616 2010 namque
639 1939 752 1990 norunt
775 1931 883 2009 periti,
909 1951 999 2010 quam
1020 1931 1133 2010 vario
1154 1927 1262 1988 modo
1284 1929 1359 1988 locis
1376 1927 1420 1987 di-

303 2033 402 2091 versis
430 2029 533 2091 idem
559 2031 770 2110 symbolum
791 2040 970 2111 usurpatum
992 2033 1032 2091 sit
1060 2051 1213 2112 quamque
1235 2031 1267 2089 in
1292 2039 1421 2090 externa

304 2133 385 2192 facie
409 2153 512 2192 earum
535 2152 633 2193 rerum
655 2134 733 2193 nihil
748 2135 815 2194 fere
832 2143 977 2194 constans
994 2134 1047 2207 sit,
1071 2133 1149 2192 nihil
1164 2131 1284 2210 stabile.
1315 2151 1421 2190 verum

305 2235 388 2292 enim
416 2234 469 2293 ubi
497 2235 632 2296 lustratis
663 2237 707 2294 eis
731 2255 810 2316 quae
833 2255 926 2314 supra
948 2236 1043 2294 allata
1065 2244 1136 2294 sunt
1157 2235 1216 2293 hoc
1231 2235 1421 2313 potissimum

305 2337 510 2415 anquirimus,
543 2337 641 2416 qualis
671 2358 829 2416 pomorum
856 2358 929 2397 usus
952 2339 1062 2397 ceteris
1084 2335 1272 2417 probabilius
1296 2346 1326 2395 et
1349 2356 1420 2394 con-

305 2422 425 2496 cinnius
455 2458 474 2496 a
497 2437 663 2518 Cydippae
693 2439 799 2498 fabula
826 2439 928 2518 repeti
949 2422 1099 2518 potuerit,
1129 2437 1327 2513 coniecerim,
1359 2436 1419 2517 Cy-

305 2538 400 2598 donia
427 2540 508 2598 mala
529 2541 582 2599 vel
609 2541 747 2620 proiecta
770 2561 853 2615 esse,
887 2541 958 2600 dum
985 2560 1099 2620 pompa
1128 2541 1227 2618 agitur
1249 2540 1418 2613 sollemnis,

305 2640 457 2720 quomodo
493 2650 540 2701 est
575 2643 608 2701 in
640 2643 693 2702 illo
724 2642 891 2702 Stesichori
926 2643 1114 2720 fragmento,
1152 2641 1204 2700 vel
1233 2660 1367 2720 sponsae
1401 2661 1420 2698 a

303 2762 419 2821 sponso
447 2752 603 2823 porrecta,
635 2763 725 2824 quem
752 2764 867 2804 morem
895 2745 1028 2804 Athenis
1058 2744 1226 2823 antiquitus
1250 2742 1419 2802 obtinuisse

302 2845 445 2905 vidimus.
482 2846 591 2905 horum
619 2855 703 2905 certe
731 2855 872 2905 neutrum
900 2866 964 2905 non
993 2844 1209 2924 percommode
1238 2865 1274 2903 ac
1296 2865 1419 2925 prorsus

304 2966 343 3005 ex
366 2947 590 3006 consuetudine
613 2956 769 3006 narratum
792 2957 874 3007 esset
896 2949 928 3006 in
951 2949 1127 3007 memoriam
1147 2947 1214 3006 fieri
1229 2946 1420 3006 celeberrimi

229 3115 231 3119 ,
303 3048 384 3107 illius
412 3049 496 3128 pomi
520 3048 659 3129 Cydoni,
691 3049 775 3129 quod
804 3048 842 3107 ab
864 3049 998 3109 Acontio
1025 3049 1138 3108 iactum
1160 3069 1179 3108 a
1202 3047 1349 3129 Cydippa
1371 3067 1418 3107 ac·
1446 3063 1453 3074 ·

304 3159 426 3230 ceptum
449 3151 641 3211 felicissimas
665 3151 737 3210 olim
759 3151 883 3230 nuptias
907 3149 1111 3210 conciliasset.

386 3253 498 3332 Neque
527 3272 601 3311 vero
632 3251 751 3327 dubito,
783 3254 857 3333 quin
882 3251 1085 3311 Callimachus
1113 3252 1199 3311 iuxta
1226 3253 1309 3312 hunc
1330 3253 1419 3312 ritum

303 3353 451 3413 sacrificia
481 3352 633 3433 quaedam
668 3354 820 3434 nuptialia
848 3353 970 3413 Dianae
1000 3354 1150 3414 Deliacae
1188 3354 1291 3414 offerri
1328 3355 1419 3414 solita

303 3456 554 3514 commemorarit.
591 3455 672 3514 hanc
695 3456 832 3514 enimin
854 3456 959 3534 primis
982 3448 1186 3532 κουροτρόφον
1209 3457 1303 3516 fuisse
1326 3465 1418 3536 atque

302 3555 489 3615 nubentibus
512 3565 546 3615 ut
567 3553 702 3631 νυμφίαν
726 3576 794 3616 esse
818 3557 929 3617 cultam
945 3567 1131 3636 compertum
1146 3558 1304 3618 habemus.
1334 3577 1418 3616 nam-

303 3677 363 3737 que
389 3657 458 3735 ipse
489 3656 691 3718 Callimachus
720 3659 753 3717 in
775 3659 846 3717 Del.
870 3641 1031 3722 aar-298
1052 3668 1158 3719 narrat
1179 3660 1276 3739 Vpidi
1297 3659 1419 3719 Loxoni

301 3759 484 3836 Hecaergae
492 3755 516 3837 ¹)
539 3759 811 3841 Hyperboreorum
833 3758 1018 3838 virginibus,
1044 3780 1123 3840 quae
1145 3781 1247 3820 sacras
1270 3761 1417 3841 primitias

301 3859 414 3919 Delum
437 3859 633 3937 detulissent,
664 3863 778 3923 divinis
800 3861 967 3922 honoribus
990 3873 1061 3943 post
1082 3871 1209 3922 mortem
1231 3863 1417 3923 consecratis

302 3961 455 4024 nubentes
477 3963 614 4042 virgines
637 3984 754 4024 comam
769 3965 879 4024 offerre
897 3965 1067 4024 detonsam.
1104 3964 1194 4025 vides
1218 3973 1320 4024 autem
1340 3962 1420 4021 nihil

260 4116 263 4121 .
302 4082 370 4123 esse
394 4065 520 4124 nomina
541 4067 694 4144 virginum
716 4069 777 4127 nisi
792 4069 915 4126 Dianae
934 4067 1130 4145 cognomina,
1154 4067 1186 4125 in
1203 4067 1287 4125 cuius
1303 4083 1417 4124 numen

370 4301 389 4367 ¹)
413 4303 570 4353 Herodotus
587 4303 625 4354 IV
643 4306 766 4369 33-36,
791 4301 1043 4366 Pausanias143‚
1066 4304 1084 4351 4
1107 4281 1135 4353 et
1152 4302 1176 4354 V
1194 4305 1218 4364 t,
1237 4303 1254 4351 8
1276 4301 1417 4352 Loxonem

300 4402 355 4436 non
373 4393 596 4438 commemorant.
