3284 5158
661 415 893 482 -117-

220 593 291 652 illas
308 612 376 652 esse
392 600 533 670 receptas
549 588 802 669 narratum'sit.¹)
833 600 965 654 ceterum
987 595 1040 654 ille
1057 616 1180 676 quoque
1195 599 1262 678 ipse
1278 598 1338 660 sol-

220 696 330 754 lemnis
351 713 509 774 pomorum
531 713 603 754 usus
627 693 710 753 eadit
732 695 872 754 insuere
894 693 1076 783 nuptinliq²),
1098 699 1194 777 plane
1215 708 1249 760 ut
1264 702 1337 761 satis

220 798 273 856 fiat
281 796 487 876 Propertiano
499 797 611 871 versui,
624 816 683 876 quo
695 797 800 856 aetion
811 805 991 875 argumenta
1002 799 1168 859 universim
1181 811 1336 864 notantur.

305 898 392 958 Talis
415 899 507 977 igitur
529 918 596 957 eum
623 899 701 958 ratio
731 919 767 958 ae
794 899 863 958 finis
891 899 984 959 fuerit
1008 900 1172 981 Cydippae
1203 903 1336 980 fabulae,

220 1021 276 1081 pro
301 1001 442 1080 exemplo
465 1000 521 1059 illa
541 999 688 1060 habenda
717 1008 764 1060 est
787 1001 851 1062 eius
880 1002 1019 1078 generis,
1050 1002 1134 1082 quod
1161 1013 1233 1084 apte
1256 1009 1338 1068 nune'

220 1103 412 1182 legendas
437 1101 542 1162 dieunt
557 1102 737 1187 mythologi.
775 1103 889 1161 etenim
904 1103 963 1163 hoe
984 1104 1057 1165 illae
1073 1107 1190 1186 proprii
1211 1106 1338 1183 habent,

222 1205 304 1287 quod
328 1206 512 1283 cognomina
534 1225 570 1263 ao
592 1223 680 1264 saera
703 1204 830 1264 deorum
852 1205 1080 1286 sollemnesque
1101 1208 1255 1288 quaslibet
1270 1230 1338 1270 oae-

220 1308 375 1382 rimonias‚
401 1325 480 1386 quae
504 1326 520 1366 e
543 1305 714 1366 rationibus
731 1306 870 1386 physicis
885 1306 937 1366 vel
954 1307 1062 1368 ethicis
1079 1317 1152 1369 nata
1168 1311 1239 1385 sint,
1263 1319 1339 1371 'vera

177 1491 178 1494 Ἴ
220 1411 340 1488 origine
363 1430 426 1470 non
449 1407 579 1487 amplius
602 1417 766 1487 perspecta
789 1427 828 1468 ex
848 1408 961 1468 fabulis
976 1418 1122 1489 repetant
1137 1414 1338 1490 aetiologiois.

221 1512 312 1593 quale
335 1502 433 1590 genus
457 1510 591 1568 omnium
614 1510 728 1588 optime
743 1509 927 1570 Welokerus
949 1511 1134 1590 intellegere
1156 1521 1186 1572 et
1201 1512 1337 1574 iudicare

220 1618 277 1675 nos
301 1613 413 1688 docuit,
438 1613 492 1692 qui
514 1631 579 1671 eum
602 1611 678 1670 alias
702 1612 816 1690 passim
839 1611 879 1670 de
903 1631 939 1672 eo
963 1610 1109 1692 disputat,
1133 1623 1195 1674 tum
1217 1616 1250 1674 in
1274 1617 1338 1695 epi-

219 1716 299 1776 stula
321 1735 348 1774 a.
375 1722 441 1778 1823
470 1713 510 1772 ad
533 1712 717 1774 Guilelmnm
740 1712 973 1773 Humboldtium
997 1713 1070 1774 data
1098 1714 1165 1793 (W.
1189 1737 1218 1776 v.
1242 1709 1337 1777 Hum-

218 1815 331 1878 boldt's
346 1816 452 1876 Briefe
475 1835 515 1874 an
533 1816 571 1874 F.
588 1815 626 1875 G.
643 1814 789 1874 Weleker
813 1835 844 1894 p.
860 1823 895 1876 84
909 1813 980 1895 sq),
1004 1816 1143 1896 Trilogie
1166 1838 1197 1897 p.
1213 1826 1265 1882 249
1279 1840 1336 1900 sq,

221 1918 373 1982 Goetterl.
396 1918 413 1978 I
435 1937 467 1996 p,
490 1926 523 1982 95
539 1936 608 1996 sqq.
627 1911 628 1915 ’
650 1936 686 1975 ae
708 1923 827 1995 potest,
858 1917 891 1974 ni
913 1917 1018 1992 fallor,
1047 1920 1217 1980 accuratius
1246 1922 1338 1980 etiam

221 2021 341 2081 definiri
363 2019 487 2079 fabulae
509 2010 617 2096 genus.
908 2023 910 2026 ’
1294 2028 1295 2031 ’

301 2123 444 2201 Namque
466 2118 612 2199 perdigni
628 2127 736 2179 notatu
750 2119 897 2180 videntur
912 2119 1089 2182 Ovidianae
1106 2124 1257 2203 epistulae
1272 2125 1338 2186 XX

176 2242 179 2247 ·
220 2223 360 2285 exeuntis
382 2223 415 2281 hi
436 2206 560 2299 versus:
761 2209 764 2216 ¹

370 2326 443 2400 quod
463 2327 489 2381 si
507 2327 673 2400 contiqerit,
696 2342 759 2382 cum
780 2327 837 2382 inm
859 2328 928 2383 date
948 2330 1029 2401 siqua
1050 2330 1203 2399 sonabunt,

417 2408 564 2502 'tinctaque
585 2429 673 2484 votivo
693 2429 827 2500 sanquine
849 2428 933 2484 Delos
954 2415 1044 2497 erit,¹
1142 2413 1145 2419 ¹

267 2588 270 2594 ,
370 2545 483 2587 aurea
499 2534 662 2602 ponetur
684 2531 774 2601 moli,
788 2529 915 2602 felicis
937 2533 1048 2604 imeqo

421 2646 561 2703 causaque
582 2632 724 2686 versieulis
743 2631 852 2701 scripta
874 2631 980 2688 duobus
1001 2614 1073 2688 erit.-

369 2734 461 2808 effiqie
478 2734 698 2805 pomigteslatur
718 2728 855 2800 Acontius
875 2731 970 2801 noas,
1048 2799 1050 2806 Α

420 2849 492 2908 quoe
513 2834 622 2906 fuerint
641 2836 670 2888 in
691 2847 722 2888 eo
744 2835 853 2904 scripto
873 2833 963 2905 fuisse
985 2815 1085 2890 ruth.-

219 2957 347 3018 qnorum
376 2935 487 3016 probat
513 2936 576 2994 vim
610 2943 642 2994 et
670 2935 882 2995 auctoritatem
909 2935 986 2994 ratio
1017 2933 1129 2994 Ovidio
1159 2934 1336 2998 Ovidianis-

219 3059 279 3119 que
302 3039 426 3098 usitata.
461 3039 513 3118 qui
535 3038 561 3098 si
584 3037 658 3118 quid
679 3037 766 3096 fictos
790 3037 987 3115 epistularum
1010 3039 1175 3117 scriptores
1197 3039 1230 3096 in
1253 3040 1337 3099 exitu

218 3141 408 3220 potissimum
437 3139 476 3200 de
504 3139 613 3200 futuris
643 3140 760 3198 faciunt
789 3139 987 3218 eloquentes,
1018 3138 1101 3221 quod
1128 3139 1181 3199 vel
1208 3141 1335 3200 oonsilio

218 3242 270 3302 vel
292 3251 365 3302 voto
388 3243 440 3302 vel
462 3242 692 3322 praesagitione
715 3241 918 3315 contineatur,
941 3240 1024 3299 idem
1046 3239 1174 3320 posthae
1193 3241 1336 3302 evenisse

219 3345 339 3404 eratin
362 3343 484 3404 fabulis.
520 3345 563 3402 ita
586 3343 707 3424 Phyllis
722 3343 756 3402 H
777 3350 810 3404 41
827 3362 873 3423 sq.
898 3361 934 3401 eo
958 3361 991 3402 se
1021 3362 1151 3422 pronam
1177 3344 1337 3422 profitetur

217 3455 251 3507 ut
272 3447 385 3527 laqueo
414 3447 507 3506 vitam
528 3445 624 3506 finiat.
670 3445 850 3526 Hypsipyle
872 3445 919 3505 VI
944 3455 990 3506 151
1012 3465 1082 3524 sqq.
1110 3444 1243 3505 Medeae
1266 3465 1336 3525 pre·

218 3556 319 3622 eatur,
364 3555 399 3606 ut
431 3567 450 3605 a
477 3547 601 3608 Theseo
636 3547 770 3626 depulsa·
803 3547 933 3608 extorris
971 3553 1101 3625 vagetur
1133 3545 1237 3608 liberis
1258 3529 1336 3610 ¹suis

217 3649 365 3729 perditis,
395 3657 429 3708 ut
457 3649 580 3727 coniugi
608 3650 752 3730 natisque
780 3658 842 3709 tam
869 3649 1046 3728 perniciosa
1073 3649 1113 3708 sit
1140 3649 1209 3724 illa,
1246 3670 1337 3729 quam

216 3751 310 3810 fuerit
342 3751 424 3832 patri
455 3751 621 3830 fratrique,
662 3750 798 3830 denique
830 3758 864 3810 ut
897 3759 980 3810 terra
1007 3751 1145 3832 marique
1177 3759 1335 3830 pererrato

286 3951 305 4014 1)
323 3953 367 4002 Ex
385 3968 420 4003 ea
436 3952 538 4003 Deliae
556 3952 666 4002 Dianae
684 3956 785 4002 natura
803 3956 914 4016 repetes
932 3964 1029 4002 versus
1047 3965 1090 4016 ep.
1103 3950 1204 4001 Aconti
1217 3953 1264 4002 191
1275 3967 1334 4017 sqq.

219 4042 247 4088 et
258 4037 373 4088 soolium
385 4037 485 4090 Athen.
497 4037 547 4088 XV
558 4054 585 4103 p.
598 4038 648 4088 694
661 4037 690 4086 d:
710 4027 743 4087 ἒν
760 4028 845 4103 Δήλῳ
863 4027 928 4086 ποτ’
949 4028 1039 4086 ἔτικτε
1057 4027 1144 4088 τέκνα
1156 4030 1247 4098 Adra,
1268 4035 1334 4085 Φοῖ-

217 4120 269 4188 βον
286 4115 469 4190 χρυσὸκόμαν
487 4110 593 4174 ἄνακτ’
611 4113 728 4174 Ἀπόλλω
743 4118 748 4188 Ι
764 4111 947 4187 ἐλαφηβόλον
965 4111 993 4171 τ’
1005 4109 1164 4186 ἄγροτέραν
1183 4113 1334 4186 ΙἌρτεμιν,

217 4193 237 4258 ἃ
255 4206 401 4273 γυναικῶν
417 4201 484 4273 μέν’
503 4201 561 4272 ἔχει
573 4198 688 4272 κράτος.
706 4222 805 4258 vereor
816 4211 848 4256 nt
859 4221 969 4272 prorsus
982 4210 1058 4257 reete
1072 4206 1193 4270 disputet
1208 4202 1335 4254 Welcke-

217 4308 263 4344 rus
280 4292 320 4346 hl.
333 4291 409 4344 Sehr.
429 4293 472 4343 III
483 4309 511 4358 p.
524 4295 574 4343 202
587 4307 645 4358 sqq.

284 4377 306 4443 ²)
326 4376 369 4428 Of.
388 4393 413 4430 v.
433 4393 457 4429 e.
477 4376 592 4440 Quintil.
611 4377 625 4426 I
643 4379 667 4440 ¹1,
686 4377 728 4430 28.
