3284 5158
653 464 884 529 -101-

214 640 311 720 dippa
327 647 393 698 erat
407 640 533 712 inserta,
551 639 681 713 aetiis,
700 638 782 718 quod
798 638 922 719 quidem
937 639 1020 698 haud
1037 659 1189 720 quaquam
1207 640 1331 700 excedit

211 741 312 801 fidem.
358 742 473 800 etenim
489 740 607 800 obscuri
629 742 716 801 istius
739 741 868 802 rhetoris
884 760 1013 801 necesse
1038 749 1085 803 est
1100 743 1239 822 aequalis
1262 743 1329 802 fero

212 995 389 1059 eDidymeis
407 993 521 1045 scholiis
540 993 622 1044 ducta
641 996 691 1059 sit,
715 1010 786 1060 quae
806 995 882 1044 circa
900 995 989 1044 locum
1008 993 1161 1044 indicatum
1180 995 1245 1045 olim
1262 995 1329 1046 ube·

211 1081 286 1131 nora
304 1080 391 1130 fuisse
409 1078 493 1129 eriam
506 1080 543 1128 u.
563 1078 850 1142 seumreuusnuym.
864 1096 890 1144 p.
910 1081 961 1131 220
979 1078 1015 1128 au
1034 1079 1086 1144 ug.
1101 1079 1132 1130 13
1151 1079 1199 1142 (cf.
1218 1065 1271 1144 ug.
1285 1077 1329 1144 rr)

212 1164 322 1215 aliunde
348 1163 478 1229 conlegit.
503 1179 537 1213 ac
559 1165 685 1230 suspicor
702 1164 848 1227 Didymum
869 1163 1002 1213 lectorem
1021 1162 1187 1213 Callimachi
1210 1163 1329 1230 diligen·

210 1250 346 1308 tissimum
363 1248 443 1299 huius
461 1248 524 1314 ipsa
543 1248 669 1300 attulisse
688 1249 788 1313 verba,
811 1249 840 1298 in
859 1247 957 1313 quibus
976 1248 1028 1297 fuit
1046 1248 1075 1296 ni
1094 1247 1178 1298 fallor

896 1334 964 1416 uo
984 1342 1092 1413 νέηαι

413 1426 447 1485 αἱ
463 1429 528 1500 βόες
624 1447 627 1453 ·

209 1520 255 1573 vel

805 1596 871 1671 βόες
889 1590 960 1670 (ᾗχι)
980 1597 1097 1670 piparas.

209 1722 327 1773 namque
346 1705 445 1756 Suidas
462 1705 515 1755 hoc
534 1705 679 1756 frustulum
697 1706 815 1771 praebet
831 1707 887 1756 iam
905 1705 940 1756 ab
954 1705 1083 1756 Heckero
1097 1690 1243 1757 comment.
1257 1705 1327 1757 Call.

210 1808 235 1856 p.
248 1793 297 1842 109
309 1790 343 1840 ob
356 1805 433 1839 usum
447 1791 523 1841 vocis
536 1784 645 1855 γὲγειος
658 1789 830 1842 Callimacho
844 1791 982 1840 addictum
995 1789 1042 1851 (cf.
1055 1788 1163 1840 Callim.
1175 1791 1228 1856 frg.
1239 1793 1288 1842 103
1301 1795 1330 1841 et

210 1875 281 1939 252),
301 1874 398 1939 quode
412 1874 555 1938 Didymeis
574 1875 688 1926 scholiis
708 1891 768 1925 eum
787 1875 901 1941 petiisse
914 1891 987 1925 reor:
1009 1867 1117 1940 γέγειαι
1131 1868 1210 1940 βόες·
1229 1868 1263 1926 αἱ
1279 1865 1329 1938 ἄρ-

210 1961 302 2025 χαῖαι.
321 1986 352 1994 -
371 1959 489 2023 denique
503 1958 670 2010 Callimachi
687 1960 855 2010 imitatorum
874 1960 986 2010 serioris
1004 1960 1067 2010 aevi
1084 1959 1193 2010 turbam
1210 1959 1329 2010 lustran-

210 2048 266 2105 tes,
291 2035 315 2094 si
338 2044 399 2107 quis
422 2044 493 2094 forte
516 2044 640 2110 vestigia
661 2045 797 2110 praebeat
821 2045 1007 2095 adhibitorum
1024 2044 1101 2094 illius
1120 2059 1211 2095 eorum
1231 2045 1330 2094 carmi·

210 2144 282 2192 num,
302 2143 415 2192 quorum
433 2113 571 2193 fragmina
589 2133 696 2179 tantum
716 2129 751 2180 ad
768 2133 862 2180 nostra
880 2134 1004 2195 tempora
1022 2133 1216 2196 pervenerunt,
1235 2129 1265 2178 in
1276 2130 1330 2196 pri·

210 2214 262 2264 mis
279 2211 450 2278 agathias
469 2213 652 2264 scholasticus
671 2229 720 2264 nos
739 2214 866 2266 advertit.
903 2229 984 2279 quem
996 2213 1207 2264 eruditissimum
1219 2218 1330 2280 poetam

210 2298 440 2362 scriptoremque,
467 2313 528 2347 cum
550 2301 715 2364 praesertim
734 2299 958 2350 adulescentulus
975 2297 1208 2349 Alexandriae
1227 2298 1330 2350 litteris

210 2382 346 2432 studuerit
365 2380 413 2444 (cf.
426 2381 562 2432 Niebuhri
579 2383 666 2434 vitam
678 2382 817 2448 Agathiae
835 2400 862 2449 p.
875 2384 944 2434 XIII
963 2381 1118 2448 editionis),
1136 2382 1330 2450 perprobabile

211 2472 253 2518 est
277 2481 347 2531 quae
371 2466 479 2529 quidem
501 2483 599 2532 parare
623 2468 677 2518 sibi
694 2468 814 2533 potuerit
831 2467 1022 2518 Callimachea
1049 2467 1144 2518 sedulo
1173 2467 1329 2518 lectitasse.

211 2555 240 2601 et
258 2550 384 2600 crederes
402 2551 490 2600 virum
509 2550 616 2600 saeculi
632 2552 672 2602 VI
696 2553 786 2602 altera
808 2557 887 2617 parte
910 2553 1053 2602 florentem
1071 2551 1157 2617 largis
1176 2552 1265 2602 adhuc
1284 2568 1330 2602 co·

207 2637 264 2702 piis
282 2636 338 2685 frui
355 2635 488 2700 potuisse.
513 2638 542 2684 at
560 2651 614 2686 non
632 2637 685 2687 nisi
699 2637 925 2702 epigrammatum
937 2636 1151 2700 hymnorumque
1164 2634 1330 2685 Callimachi

209 2720 344 2771 lectorum
361 2720 482 2786 vestigia
499 2720 528 2769 in
545 2720 684 2785 Agathiae
702 2721 850 2787 poematiis
868 2721 988 2771 invenio.
1013 2735 1074 2769 cum
1092 2718 1202 2770 Callim.
1215 2735 1258 2785 ep.
1272 2722 1328 2781 2,1

211 2806 247 2858 cf.
257 2804 359 2870 Agath.
370 2804 445 2854 anth.
456 2804 486 2854 P.
496 2804 521 2853 V
534 2806 592 2866 237,
605 2808 629 2868 3,
645 2820 706 2854 curn
720 2803 826 2854 Callim.
840 2820 884 2870 ep.
898 2805 939 2870 17,
954 2805 967 2854 1
982 2803 1018 2854 cf.
1031 2803 1132 2869 Agath.
1146 2804 1221 2856 anth.
1234 2803 1330 2855 P.‚VII

210 2891 269 2953 583,
283 2891 307 2947 1,
326 2903 388 2939 cum
402 2885 512 2938 Callim.
525 2905 567 2955 ep.
582 2891 622 2951 17,
637 2892 652 2940 3
665 2905 704 2954 sq.
718 2890 754 2939 cf.
768 2889 869 2954 Agath.
884 2888 959 2942 anth.
972 2888 1004 2938 P.
1013 2888 1067 2938 VII
1079 2889 1136 2951 589,
1151 2891 1175 2950 7,
1190 2905 1251 2938 cum
1265 2887 1326 2938 Cal·

211 2973 268 3024 lim.
282 2990 326 3038 ep.
339 2973 409 3031 23,1
429 2973 465 3023 cf.
479 2972 581 3039 Agath.
595 2973 670 3026 anth.
683 2974 717 3024 P.
732 2975 768 3024 XI
785 2974 843 3038 354,
864 2975 905 3038 17,
924 2988 985 3022 cum
1004 2971 1114 3022 Callim.
1134 2988 1177 3038 ep.
1197 2973 1237 3030 25,
1257 2973 1272 3021 6
1291 2972 1328 3022 cf.

210 3059 311 3125 Agath.
323 3057 399 3109 anth.
409 3058 440 3107 P.
450 3057 475 3108 V
487 3057 544 3116 280,
556 3059 583 3119 4,
597 3073 659 3108 cum
672 3057 779 3111 Callim.
793 3059 822 3108 in
831 3057 921 3123 Apoll.
934 3059 982 3108 105
996 3057 1032 3108 cf.
1043 3057 1146 3124 Agatb,
1161 3055 1238 3106 anth.
1248 3055 1328 3106 Plan.

212 3146 270 3204 109,
289 3146 314 3206 1,
334 3158 396 3192 cum
414 3140 523 3192 Callim.
542 3141 571 3191 in
590 3141 651 3196 Cer.
672 3145 721 3194 103
739 3143 776 3194 ci.
794 3143 895 3209 Agath.
915 3142 991 3192 anth.
1010 3143 1041 3194 P.
1053 3143 1094 3192 XI
1112 3144 1170 3202 379,
1190 3144 1213 3193 3.
1249 3155 1329 3206 porro

211 3243 318 3279 versum
337 3228 396 3278 sine
415 3227 537 3277 auctoris
555 3228 664 3278 nomine
684 3227 719 3278 ab
736 3227 946 3293 Hephaestione
964 3243 991 3291 p.
1005 3228 1036 3278 97
1057 3226 1146 3279 Gaisf.
1165 3225 1328 3291 appositum,

212 3314 258 3374 qui
276 3311 442 3362 Callimachi
459 3310 533 3360 haud
551 3311 632 3362 dubie
653 3315 695 3362 est
713 3311 761 3377 (cf.
775 3311 808 3363 0.
822 3310 1020 3363 Schneidcrum
1031 3309 1127 3376 philol.
1142 3310 1179 3362 VI
1190 3326 1216 3375 p.
1229 3310 1279 3362 536
1289 3323 1329 3373 sq.

213 3400 241 3446 et
257 3395 408 3462 Bergkium
425 3399 511 3462 poett.
529 3395 579 3460 lyr.
599 3412 626 3462 p.
645 3396 737 3460 1075),

414 3497 484 3555 παῖς
502 3487 565 3547 ἅτε·
584 3494 640 3548 τῶν
658 3487 688 3548 d’
708 3488 828 3563 ἕτὲωγὴ
849 3490 936 3558 δεκάς
955 3485 1007 3548 osia
1025 3487 1107 3562 ὀλίγη

213 3613 302 3663 paene
320 3599 457 3662 integrum
474 3599 588 3664 repetiit
605 3597 706 3664 Agath.
725 3599 804 3656 anth..
818 3599 850 3664 Ρ.
869 3600 894 3649 V
913 3600 975 3650 182:

361 3689 398 3748 Ἡ
413 3691 518 3764 dedisci
536 3699 649 3767 Μελίτη
667 3698 778 3750 carceri
796 3691 843 3752 ἐπὶ
861 3691 969 3766 γήραος
986 3692 1066 3766 aridei

414 3775 468 3849 τὴν
486 3773 542 3834 ἀπὸ
560 3782 611 3849 τῆς
628 3774 701 3850 ἥβης
719 3774 773 3834 oria
790 3773 924 3850 ἐπέθηκε
943 3780 1035 3848 χάριν.

364 3859 430 3918 sitt’
449 3861 490 3920 ἔτι
508 3868 701 3934 μαρμαίρουσι
718 3864 874 3934 παρηίδες,
892 3861 971 3935 ὄμμα
990 3861 1023 3918 δὲ
1041 3859 1149 3933 θέλγον

415 3941 449 4003 ori
468 3951 547 4004 λίπε·
565 3951 632 4005 τῶν
650 3944 681 4005 d'
698 3945 804 4006 ἐτέων
821 3943 839 4019 ἡ
860 3944 968 4010 δεκὰς
986 3941 1048 4004 oria
1068 3943 1179 4017 ὀλίγη.

363 4039 462 4105 μίμνει
474 4031 568 4088 καὶτὸ
581 4029 719 4104 φρύαγμα
735 4030 772 4094 τὸ
790 4029 976 4089 παιδικόν·
995 4029 1106 4088 ἐνθάδε
1120 4027 1149 4087 d'
1163 4030 1261 4102 ἔγνων,

415 4111 475 4174 ὅττι
493 4117 583 4187 φύσιν
601 4121 687 4173 νικᾶν
705 4113 720 4173 ὁ
739 4116 840 4189 χρόνος
857 4111 891 4174 ori
910 4114 1041 4175 δύναται.

213 4229 441 4306 adscripsisti
460 4237 538 4309 Ilus,
558 4239 645 4310 codex
663 4230 798 4293 edicitis.
834 4240 934 4291 suadet
952 4244 1045 4291 autem
1062 4241 1125 4306 ipsa
1143 4237 1330 4288 similitudinis

214 4325 284 4374 ratio
302 4329 334 4375 ut
352 4324 729 4390 credamumoallimaohum
748 4327 801 4376 isto
819 4325 958 4378 versiculo
976 4328 1005 4376 in
1018 4308 1178 4391 arpumento
1192 4321 1330 4372 consimili

214 4423 291 4459 usum
310 4424 385 4474 esse,
409 4409 438 4460 id
462 4414 505 4460 est
527 4410 557 4459 in
575 4410 710 4461 amatorio
729 4410 937 4478 epigrammate.
974 4426 1008 4461 ac
1025 4409 1135 4460 dixerat
1152 4408 1212 4459 sine
1231 4406 1328 4457 dubio:
