<?xml version="1.0" encoding="UTF-8"?>
<!DOCTYPE html PUBLIC "-//W3C//DTD XHTML 1.0 Transitional//EN"
    "http://www.w3.org/TR/xhtml1/DTD/xhtml1-transitional.dtd">
<html xmlns="http://www.w3.org/1999/xhtml" xml:lang="en" lang="en">
 <head>
  <title>
</title>
<meta http-equiv="Content-Type" content="text/html;charset=utf-8" />
  <meta name='ocr-system' content='tesseract 3.04.00' />
  <meta name='ocr-capabilities' content='ocr_page ocr_carea ocr_par ocr_line ocrx_word'/>
</head>
<body>
  <div class='ocr_page' id='page_1' title='image "./decallimachicyd00diltgoog_0096.png"; bbox 0 0 3284 5158; ppageno 0'>
   <div class='ocr_carea' id='block_1_1' title="bbox 679 427 888 492">
    <p class='ocr_par' dir='ltr' id='par_1_1' title="bbox 679 427 888 492">
     <span class='ocr_line' id='line_1_1' title="bbox 679 427 888 492; baseline 0.014 -17"><span class='ocrx_word' id='word_1_1' title='bbox 679 427 888 492; x_wconf 65' lang='lat'><em>„81-</em></span> 
     </span>
    </p>
   </div>
   <div class='ocr_carea' id='block_1_2' title="bbox 204 587 1342 1411">
    <p class='ocr_par' dir='ltr' id='par_1_2' title="bbox 204 587 1342 1411">
     <span class='ocr_line' id='line_1_2' title="bbox 365 587 1140 678; baseline 0 -20"><span class='ocrx_word' id='word_1_2' title='bbox 365 587 474 671; x_wconf 81' lang='grc' dir='ltr'><strong><em>Ἕλκος</em></strong></span> <span class='ocrx_word' id='word_1_3' title='bbox 498 596 571 678; x_wconf 79' lang='grc' dir='ltr'><strong><em>έχων</em></strong></span> <span class='ocrx_word' id='word_1_4' title='bbox 593 587 609 659; x_wconf 85' lang='grc' dir='ltr'><strong><em>δ</em></strong></span> <span class='ocrx_word' id='word_1_5' title='bbox 632 601 726 673; x_wconf 82' lang='grc' dir='ltr'><strong><em>ξεῖνος</em></strong></span> <span class='ocrx_word' id='word_1_6' title='bbox 748 591 925 660; x_wconf 79' lang='grc' dir='ltr'><strong><em>ἐλάνθανεν.</em></strong></span> <span class='ocrx_word' id='word_1_7' title='bbox 954 589 1140 677; x_wconf 81' lang='grc' dir='ltr'><strong><em>ὦςάνιηρδν</em></strong></span> 
     </span>
     <span class='ocr_line' id='line_1_3' title="bbox 426 690 1074 782; baseline 0.002 -23"><span class='ocrx_word' id='word_1_8' title='bbox 426 701 543 779; x_wconf 80' lang='grc' dir='ltr'><strong><em>πνεῦμα</em></strong></span> <span class='ocrx_word' id='word_1_9' title='bbox 566 692 615 761; x_wconf 82' lang='grc' dir='ltr'><strong>διά</strong></span> <span class='ocrx_word' id='word_1_10' title='bbox 637 697 773 778; x_wconf 77' lang='grc' dir='ltr'><strong><em>στηθέων</em></strong></span> <span class='ocrx_word' id='word_1_11' title='bbox 796 694 873 774; x_wconf 87' lang='grc' dir='ltr'><strong><em>είδες</em></strong></span> <span class='ocrx_word' id='word_1_12' title='bbox 894 690 1074 782; x_wconf 78' lang='grc' dir='ltr'><strong>ἀνηγάγετο,</strong></span> 
     </span>
     <span class='ocr_line' id='line_1_4' title="bbox 288 793 1293 882; baseline 0.003 -22"><span class='ocrx_word' id='word_1_13' title='bbox 288 796 293 804; x_wconf 70' lang='grc'><em>’</em></span> <span class='ocrx_word' id='word_1_14' title='bbox 376 793 408 860; x_wconf 77' lang='lat' dir='ltr'><strong>ro</strong></span> <span class='ocrx_word' id='word_1_15' title='bbox 431 803 529 878; x_wconf 87' lang='grc' dir='ltr'><strong><em>τρίτον</em></strong></span> <span class='ocrx_word' id='word_1_16' title='bbox 551 795 634 878; x_wconf 79' lang='grc' dir='ltr'><strong><em>ἡνίμ’</em></strong></span> <span class='ocrx_word' id='word_1_17' title='bbox 659 801 757 880; x_wconf 75' lang='grc' dir='ltr'><strong><em>ἔπινε,</em></strong></span> <span class='ocrx_word' id='word_1_18' title='bbox 779 797 816 863; x_wconf 73' lang='lat' dir='ltr'><strong>rit</strong></span> <span class='ocrx_word' id='word_1_19' title='bbox 838 800 870 864; x_wconf 79' lang='grc' dir='ltr'><strong>δὲ</strong></span> <span class='ocrx_word' id='word_1_20' title='bbox 892 796 967 882; x_wconf 78' lang='grc' dir='ltr'><strong><em>ρόδα</em></strong></span> <span class='ocrx_word' id='word_1_21' title='bbox 988 803 1293 882; x_wconf 76' lang='grc' dir='ltr'><strong><em>φυλλοβολεῦντα</em></strong></span> 
     </span>
     <span class='ocr_line' id='line_1_5' title="bbox 426 893 1243 984; baseline 0.004 -22"><span class='ocrx_word' id='word_1_22' title='bbox 426 893 556 982; x_wconf 85' lang='grc' dir='ltr'><strong><em>τάινδρδς</em></strong></span> <span class='ocrx_word' id='word_1_23' title='bbox 577 894 635 964; x_wconf 86' lang='grc' dir='ltr'><strong>ἆπδ</strong></span> <span class='ocrx_word' id='word_1_24' title='bbox 657 898 813 981; x_wconf 89' lang='grc' dir='ltr'><strong><em>στεφάνων</em></strong></span> <span class='ocrx_word' id='word_1_25' title='bbox 835 893 923 964; x_wconf 80' lang='grc' dir='ltr'><strong><em>πάντ’</em></strong></span> <span class='ocrx_word' id='word_1_26' title='bbox 948 901 1083 984; x_wconf 70' lang='grc' dir='ltr'><strong><em>ἐγένοντο</em></strong></span> <span class='ocrx_word' id='word_1_27' title='bbox 1106 907 1198 984; x_wconf 79' lang='grc' dir='ltr'><strong><em>χαμαί</em></strong></span> <span class='ocrx_word' id='word_1_28' title='bbox 1203 902 1243 982; x_wconf 83' lang='lat'><strong>3¹)</strong></span> 
     </span>
     <span class='ocr_line' id='line_1_6' title="bbox 377 995 1266 1086; baseline 0.002 -22"><span class='ocrx_word' id='word_1_29' title='bbox 377 997 508 1083; x_wconf 75' lang='grc' dir='ltr'><strong><em>άπιηται</em></strong></span> <span class='ocrx_word' id='word_1_30' title='bbox 529 1003 603 1086; x_wconf 80' lang='grc' dir='ltr'><strong>μέγα</strong></span> <span class='ocrx_word' id='word_1_31' title='bbox 625 999 663 1084; x_wconf 85' lang='grc' dir='ltr'><strong>δή</strong></span> <span class='ocrx_word' id='word_1_32' title='bbox 685 1030 723 1068; x_wconf 89' lang='grc' dir='ltr'><strong>τι.</strong></span> <span class='ocrx_word' id='word_1_33' title='bbox 751 996 793 1084; x_wconf 81' lang='grc' dir='ltr'><strong>μά</strong></span> <span class='ocrx_word' id='word_1_34' title='bbox 815 1006 969 1085; x_wconf 83' lang='grc' dir='ltr'><strong><em>δαίμονας,</em></strong></span> <span class='ocrx_word' id='word_1_35' title='bbox 991 995 1047 1066; x_wconf 77' lang='grc' dir='ltr'><strong>οὐκ</strong></span> <span class='ocrx_word' id='word_1_36' title='bbox 1069 997 1129 1067; x_wconf 81' lang='grc' dir='ltr'><strong>ἆπδ</strong></span> <span class='ocrx_word' id='word_1_37' title='bbox 1151 1006 1266 1086; x_wconf 78' lang='grc' dir='ltr'><strong><em>ρυσμοῦ</em></strong></span> 
     </span>
     <span class='ocr_line' id='line_1_7' title="bbox 427 1096 1059 1188; baseline 0.003 -22"><span class='ocrx_word' id='word_1_38' title='bbox 427 1103 543 1184; x_wconf 82' lang='grc' dir='ltr'><strong><em>εἰκάζω,</em></strong></span> <span class='ocrx_word' id='word_1_39' title='bbox 567 1097 668 1188; x_wconf 80' lang='grc' dir='ltr'><em>φωρὸς</em></span> <span class='ocrx_word' id='word_1_40' title='bbox 686 1097 714 1166; x_wconf 88' lang='grc' dir='ltr'><strong>δ’</strong></span> <span class='ocrx_word' id='word_1_41' title='bbox 740 1105 822 1186; x_wconf 80' lang='grc' dir='ltr'><strong><em>ἴχνια</em></strong></span> <span class='ocrx_word' id='word_1_42' title='bbox 844 1096 911 1185; x_wconf 74' lang='grc' dir='ltr'><strong>φωρ</strong></span> <span class='ocrx_word' id='word_1_43' title='bbox 934 1105 1059 1186; x_wconf 73' lang='grc' dir='ltr'><strong><em>ἔμαθον.</em></strong></span> 
     </span>
     <span class='ocr_line' id='line_1_8' title="bbox 224 1227 1342 1309; baseline 0.002 -22"><span class='ocrx_word' id='word_1_44' title='bbox 224 1227 264 1287; x_wconf 88' lang='lat' dir='ltr'><strong>cf.</strong></span> <span class='ocrx_word' id='word_1_45' title='bbox 276 1227 391 1286; x_wconf 81' lang='lat' dir='ltr'>Athen.</span> <span class='ocrx_word' id='word_1_46' title='bbox 402 1228 465 1289; x_wconf 88' lang='lat' dir='ltr'><strong>XV</strong></span> <span class='ocrx_word' id='word_1_47' title='bbox 476 1249 507 1308; x_wconf 86' lang='lat' dir='ltr'><strong>p.</strong></span> <span class='ocrx_word' id='word_1_48' title='bbox 518 1237 592 1292; x_wconf 83' lang='grc' dir='ltr'><strong>669ο</strong></span> <span class='ocrx_word' id='word_1_49' title='bbox 606 1237 636 1288; x_wconf 94' lang='lat' dir='ltr'><strong>et</strong></span> <span class='ocrx_word' id='word_1_50' title='bbox 648 1229 836 1309; x_wconf 87' lang='lat' dir='ltr'><strong>epigramma</strong></span> <span class='ocrx_word' id='word_1_51' title='bbox 847 1228 1045 1308; x_wconf 77' lang='lat' dir='ltr'><strong>Asclepiadis</strong></span> <span class='ocrx_word' id='word_1_52' title='bbox 1057 1229 1142 1292; x_wconf 89' lang='lat' dir='ltr'><strong>anth.</strong></span> <span class='ocrx_word' id='word_1_53' title='bbox 1154 1230 1190 1289; x_wconf 94' lang='lat' dir='ltr'><strong>P.</strong></span> <span class='ocrx_word' id='word_1_54' title='bbox 1203 1231 1270 1290; x_wconf 92' lang='lat' dir='ltr'><strong>XII</strong></span> <span class='ocrx_word' id='word_1_55' title='bbox 1284 1239 1342 1294; x_wconf 80' lang='lat'><strong>135.</strong></span> 
     </span>
     <span class='ocr_line' id='line_1_9' title="bbox 204 1330 1342 1411; baseline 0.001 -22"><span class='ocrx_word' id='word_1_56' title='bbox 204 1337 327 1409; x_wconf 50' lang='lat' dir='ltr'><strong>‘potest</strong></span> <span class='ocrx_word' id='word_1_57' title='bbox 348 1338 451 1388; x_wconf 88' lang='lat' dir='ltr'><strong>tamen</strong></span> <span class='ocrx_word' id='word_1_58' title='bbox 473 1330 528 1389; x_wconf 91' lang='lat' dir='ltr'><strong>ille</strong></span> <span class='ocrx_word' id='word_1_59' title='bbox 551 1349 674 1410; x_wconf 91' lang='lat' dir='ltr'><strong>quoque</strong></span> <span class='ocrx_word' id='word_1_60' title='bbox 696 1351 761 1390; x_wconf 89' lang='lat' dir='ltr'><strong>mos</strong></span> <span class='ocrx_word' id='word_1_61' title='bbox 784 1331 913 1410; x_wconf 78' lang='lat' dir='ltr'>respici,</span> <span class='ocrx_word' id='word_1_62' title='bbox 938 1351 997 1411; x_wconf 93' lang='lat' dir='ltr'><strong>quo</strong></span> <span class='ocrx_word' id='word_1_63' title='bbox 1021 1332 1164 1409; x_wconf 84' lang='lat' dir='ltr'><strong>lugentes</strong></span> <span class='ocrx_word' id='word_1_64' title='bbox 1187 1340 1269 1391; x_wconf 86' lang='lat' dir='ltr'><strong>serta</strong></span> <span class='ocrx_word' id='word_1_65' title='bbox 1290 1332 1342 1390; x_wconf 91' lang='lat' dir='ltr'><strong>de-</strong></span> 
     </span>
    </p>
   </div>
   <div class='ocr_carea' id='block_1_3' title="bbox 127 1423 860 1512">
    <p class='ocr_par' dir='ltr' id='par_1_3' title="bbox 127 1423 860 1512">
     <span class='ocr_line' id='line_1_10' title="bbox 127 1423 860 1512; baseline -0.001 -22"><span class='ocrx_word' id='word_1_66' title='bbox 127 1497 128 1500; x_wconf 10' lang='lat'><em>*</em></span> <span class='ocrx_word' id='word_1_67' title='bbox 223 1430 392 1511; x_wconf 88' lang='lat' dir='ltr'><strong>ponebant.</strong></span> <span class='ocrx_word' id='word_1_68' title='bbox 430 1432 469 1491; x_wconf 87' lang='lat' dir='ltr'><strong>cf.</strong></span> <span class='ocrx_word' id='word_1_69' title='bbox 491 1431 606 1491; x_wconf 87' lang='lat' dir='ltr'><strong>Athen.</strong></span> <span class='ocrx_word' id='word_1_70' title='bbox 629 1433 692 1492; x_wconf 91' lang='lat' dir='ltr'><strong>XV</strong></span> <span class='ocrx_word' id='word_1_71' title='bbox 713 1453 745 1512; x_wconf 89' lang='lat' dir='ltr'><strong>p.</strong></span> <span class='ocrx_word' id='word_1_72' title='bbox 769 1423 860 1495; x_wconf 72' lang='lat' dir='ltr'><strong>ots&#39;a.</strong></span> 
     </span>
    </p>
   </div>
   <div class='ocr_carea' id='block_1_4' title="bbox 223 1532 1393 3555">
    <p class='ocr_par' dir='ltr' id='par_1_4' title="bbox 223 1532 1344 2421">
     <span class='ocr_line' id='line_1_11' title="bbox 307 1532 1341 1614; baseline 0.001 -22"><span class='ocrx_word' id='word_1_73' title='bbox 307 1534 349 1592; x_wconf 84' lang='lat' dir='ltr'><strong>Et</strong></span> <span class='ocrx_word' id='word_1_74' title='bbox 375 1532 519 1592; x_wconf 88' lang='lat' dir='ltr'><strong>attendas</strong></span> <span class='ocrx_word' id='word_1_75' title='bbox 548 1533 653 1608; x_wconf 85' lang='lat' dir='ltr'><strong>etiam,</strong></span> <span class='ocrx_word' id='word_1_76' title='bbox 689 1532 772 1614; x_wconf 84' lang='lat' dir='ltr'><strong>quod</strong></span> <span class='ocrx_word' id='word_1_77' title='bbox 795 1552 893 1611; x_wconf 86' lang='lat' dir='ltr'><strong>genus</strong></span> <span class='ocrx_word' id='word_1_78' title='bbox 922 1532 1064 1593; x_wconf 88' lang='lat' dir='ltr'><strong>arborum</strong></span> <span class='ocrx_word' id='word_1_79' title='bbox 1085 1543 1180 1613; x_wconf 89' lang='lat' dir='ltr'><strong>poeta</strong></span> <span class='ocrx_word' id='word_1_80' title='bbox 1203 1535 1341 1612; x_wconf 87' lang='lat' dir='ltr'><strong>elegerit.</strong></span> 
     </span>
     <span class='ocr_line' id='line_1_12' title="bbox 226 1634 1343 1715; baseline 0.002 -23"><span class='ocrx_word' id='word_1_81' title='bbox 226 1653 403 1714; x_wconf 83' lang='lat' dir='ltr'><strong>cupressum</strong></span> <span class='ocrx_word' id='word_1_82' title='bbox 425 1645 516 1692; x_wconf 83' lang='lat' dir='ltr'><strong>atram</strong></span> <span class='ocrx_word' id='word_1_83' title='bbox 538 1636 571 1694; x_wconf 95' lang='lat' dir='ltr'><strong>in</strong></span> <span class='ocrx_word' id='word_1_84' title='bbox 594 1635 700 1715; x_wconf 89' lang='lat' dir='ltr'><strong>primis</strong></span> <span class='ocrx_word' id='word_1_85' title='bbox 724 1634 815 1693; x_wconf 88' lang='lat' dir='ltr'><strong>decet</strong></span> <span class='ocrx_word' id='word_1_86' title='bbox 835 1635 934 1693; x_wconf 88' lang='lat' dir='ltr'><strong>luctus</strong></span> <span class='ocrx_word' id='word_1_87' title='bbox 957 1655 993 1694; x_wconf 89' lang='lat' dir='ltr'><strong>ac</strong></span> <span class='ocrx_word' id='word_1_88' title='bbox 1014 1635 1146 1708; x_wconf 78' lang='lat' dir='ltr'><strong>tristitia,</strong></span> <span class='ocrx_word' id='word_1_89' title='bbox 1170 1656 1238 1694; x_wconf 88' lang='lat' dir='ltr'><strong>curn</strong></span> <span class='ocrx_word' id='word_1_90' title='bbox 1253 1635 1343 1695; x_wconf 87' lang='lat' dir='ltr'><strong>arbor</strong></span> 
     </span>
     <span class='ocr_line' id='line_1_13' title="bbox 225 1735 1342 1816; baseline -0.001 -19"><span class='ocrx_word' id='word_1_91' title='bbox 225 1738 267 1797; x_wconf 92' lang='lat' dir='ltr'><strong>sit</strong></span> <span class='ocrx_word' id='word_1_92' title='bbox 289 1735 438 1814; x_wconf 89' lang='lat' dir='ltr'><strong>lugubris.</strong></span> <span class='ocrx_word' id='word_1_93' title='bbox 462 1735 499 1794; x_wconf 87' lang='lat' dir='ltr'><strong>ef.</strong></span> <span class='ocrx_word' id='word_1_94' title='bbox 515 1737 745 1796; x_wconf 88' lang='lat' dir='ltr'><strong>Boettioherum</strong></span> <span class='ocrx_word' id='word_1_95' title='bbox 758 1735 961 1795; x_wconf 87' lang='lat' dir='ltr'><strong>Baumkultus</strong></span> <span class='ocrx_word' id='word_1_96' title='bbox 977 1757 1008 1815; x_wconf 88' lang='lat' dir='ltr'><strong>p.</strong></span> <span class='ocrx_word' id='word_1_97' title='bbox 1023 1742 1076 1798; x_wconf 79' lang='lat'><strong>487</strong></span> <span class='ocrx_word' id='word_1_98' title='bbox 1092 1756 1161 1816; x_wconf 87' lang='lat' dir='ltr'><strong>sqq.</strong></span> <span class='ocrx_word' id='word_1_99' title='bbox 1199 1757 1235 1795; x_wconf 90' lang='lat' dir='ltr'><strong>ao</strong></span> <span class='ocrx_word' id='word_1_100' title='bbox 1250 1737 1342 1816; x_wconf 86' lang='lat' dir='ltr'><strong>pinus</strong></span> 
     </span>
     <span class='ocr_line' id='line_1_14' title="bbox 224 1837 1342 1917; baseline 0.001 -21"><span class='ocrx_word' id='word_1_101' title='bbox 224 1839 257 1896; x_wconf 93' lang='lat' dir='ltr'><strong>in</strong></span> <span class='ocrx_word' id='word_1_102' title='bbox 280 1837 392 1897; x_wconf 86' lang='lat' dir='ltr'><strong>fabulis</strong></span> <span class='ocrx_word' id='word_1_103' title='bbox 416 1857 539 1917; x_wconf 89' lang='lat' dir='ltr'><strong>quoque</strong></span> <span class='ocrx_word' id='word_1_104' title='bbox 570 1846 704 1911; x_wconf 88' lang='lat' dir='ltr'><strong>amatur,</strong></span> <span class='ocrx_word' id='word_1_105' title='bbox 740 1849 831 1916; x_wconf 88' lang='lat' dir='ltr'><strong>quam</strong></span> <span class='ocrx_word' id='word_1_106' title='bbox 852 1838 920 1896; x_wconf 86' lang='lat' dir='ltr'><strong>Pan</strong></span> <span class='ocrx_word' id='word_1_107' title='bbox 946 1846 977 1896; x_wconf 89' lang='lat' dir='ltr'><strong>ct</strong></span> <span class='ocrx_word' id='word_1_108' title='bbox 998 1838 1088 1916; x_wconf 89' lang='lat' dir='ltr'><strong>petiit</strong></span> <span class='ocrx_word' id='word_1_109' title='bbox 1109 1838 1262 1915; x_wconf 85' lang='lat' dir='ltr'><strong>virginem</strong></span> <span class='ocrx_word' id='word_1_110' title='bbox 1284 1858 1342 1897; x_wconf 89' lang='lat' dir='ltr'><strong>neo</strong></span> 
     </span>
     <span class='ocr_line' id='line_1_15' title="bbox 223 1938 1341 2019; baseline 0 -21"><span class='ocrx_word' id='word_1_111' title='bbox 223 1947 334 2019; x_wconf 87' lang='lat' dir='ltr'><strong>postca</strong></span> <span class='ocrx_word' id='word_1_112' title='bbox 355 1939 388 1997; x_wconf 92' lang='lat' dir='ltr'><strong>in</strong></span> <span class='ocrx_word' id='word_1_113' title='bbox 411 1938 551 1998; x_wconf 87' lang='lat' dir='ltr'><strong>arborem</strong></span> <span class='ocrx_word' id='word_1_114' title='bbox 573 1947 718 1998; x_wconf 89' lang='lat' dir='ltr'><strong>mutatam</strong></span> <span class='ocrx_word' id='word_1_115' title='bbox 741 1959 805 1998; x_wconf 90' lang='lat' dir='ltr'><strong>non</strong></span> <span class='ocrx_word' id='word_1_116' title='bbox 829 1938 947 2012; x_wconf 86' lang='lat' dir='ltr'><strong>dilexit,</strong></span> <span class='ocrx_word' id='word_1_117' title='bbox 971 1939 1050 1998; x_wconf 89' lang='lat' dir='ltr'><strong>sicut</strong></span> <span class='ocrx_word' id='word_1_118' title='bbox 1070 1939 1250 2018; x_wconf 81' lang='lat' dir='ltr'><strong>Propertius</strong></span> <span class='ocrx_word' id='word_1_119' title='bbox 1273 1940 1293 1998; x_wconf 95' lang='lat' dir='ltr'><strong>l.</strong></span> <span class='ocrx_word' id='word_1_120' title='bbox 1316 1959 1341 1998; x_wconf 89' lang='lat' dir='ltr'><strong>c.</strong></span> 
     </span>
     <span class='ocr_line' id='line_1_16' title="bbox 225 2040 1341 2121; baseline 0 -23"><span class='ocrx_word' id='word_1_121' title='bbox 225 2043 346 2098; x_wconf 78' lang='lat' dir='ltr'><strong>Arcadio</strong></span> <span class='ocrx_word' id='word_1_122' title='bbox 366 2044 451 2114; x_wconf 82' lang='lat' dir='ltr'><strong>pinus</strong></span> <span class='ocrx_word' id='word_1_123' title='bbox 466 2051 560 2098; x_wconf 76' lang='lat' dir='ltr'><strong>amam</strong></span> <span class='ocrx_word' id='word_1_124' title='bbox 575 2044 632 2099; x_wconf 88' lang='lat' dir='ltr'><strong>oleo.</strong></span> <span class='ocrx_word' id='word_1_125' title='bbox 671 2041 709 2100; x_wconf 88' lang='lat' dir='ltr'><strong>of.</strong></span> <span class='ocrx_word' id='word_1_126' title='bbox 726 2040 877 2101; x_wconf 82' lang='lat' dir='ltr'><strong>Seilerum</strong></span> <span class='ocrx_word' id='word_1_127' title='bbox 893 2040 933 2099; x_wconf 82' lang='lat' dir='ltr'><strong>ad</strong></span> <span class='ocrx_word' id='word_1_128' title='bbox 947 2040 1090 2118; x_wconf 82' lang='lat' dir='ltr'><strong>Longum</strong></span> <span class='ocrx_word' id='word_1_129' title='bbox 1105 2040 1139 2099; x_wconf 96' lang='grc' dir='ltr'>Π</span> <span class='ocrx_word' id='word_1_130' title='bbox 1152 2046 1168 2102; x_wconf 88' lang='grc'><strong>7</strong></span> <span class='ocrx_word' id='word_1_131' title='bbox 1184 2061 1215 2119; x_wconf 91' lang='lat' dir='ltr'><strong>p.</strong></span> <span class='ocrx_word' id='word_1_132' title='bbox 1231 2049 1283 2102; x_wconf 74' lang='lat'><strong>222</strong></span> <span class='ocrx_word' id='word_1_133' title='bbox 1295 2061 1341 2121; x_wconf 88' lang='lat' dir='ltr'><strong>sq.</strong></span> 
     </span>
     <span class='ocr_line' id='line_1_17' title="bbox 226 2139 1342 2221; baseline 0 -20"><span class='ocrx_word' id='word_1_134' title='bbox 226 2139 357 2202; x_wconf 84' lang='lat' dir='ltr'><strong>Ovidius</strong></span> <span class='ocrx_word' id='word_1_135' title='bbox 374 2161 402 2201; x_wconf 85' lang='lat' dir='ltr'><strong>a.</strong></span> <span class='ocrx_word' id='word_1_136' title='bbox 418 2162 446 2200; x_wconf 87' lang='lat' dir='ltr'><strong>a.</strong></span> <span class='ocrx_word' id='word_1_137' title='bbox 462 2142 514 2201; x_wconf 89' lang='lat' dir='ltr'><strong>III</strong></span> <span class='ocrx_word' id='word_1_138' title='bbox 526 2149 577 2204; x_wconf 78' lang='lat'><strong>692</strong></span> <span class='ocrx_word' id='word_1_139' title='bbox 592 2143 699 2221; x_wconf 91' lang='lat' dir='ltr'><strong>pinum</strong></span> <span class='ocrx_word' id='word_1_140' title='bbox 723 2141 798 2201; x_wconf 88' lang='lat' dir='ltr'><strong>dicit</strong></span> <span class='ocrx_word' id='word_1_141' title='bbox 812 2145 926 2201; x_wconf 84' lang='lat' dir='ltr'><strong>cultam.</strong></span> <span class='ocrx_word' id='word_1_142' title='bbox 972 2150 1105 2200; x_wconf 88' lang='lat' dir='ltr'><strong>ceterum</strong></span> <span class='ocrx_word' id='word_1_143' title='bbox 1128 2149 1159 2199; x_wconf 90' lang='lat' dir='ltr'><strong>et</strong></span> <span class='ocrx_word' id='word_1_144' title='bbox 1181 2161 1342 2220; x_wconf 81' lang='lat' dir='ltr'><strong>cupressus</strong></span> 
     </span>
     <span class='ocr_line' id='line_1_18' title="bbox 224 2241 1344 2324; baseline 0.001 -23"><span class='ocrx_word' id='word_1_145' title='bbox 224 2241 336 2302; x_wconf 84' lang='lat' dir='ltr'><strong>fabulis</strong></span> <span class='ocrx_word' id='word_1_146' title='bbox 372 2243 534 2302; x_wconf 85' lang='lat' dir='ltr'><strong>nobilitata</strong></span> <span class='ocrx_word' id='word_1_147' title='bbox 567 2252 634 2302; x_wconf 85' lang='lat' dir='ltr'><strong>erat</strong></span> <span class='ocrx_word' id='word_1_148' title='bbox 667 2244 763 2324; x_wconf 89' lang='lat' dir='ltr'><strong>inque</strong></span> <span class='ocrx_word' id='word_1_149' title='bbox 795 2244 952 2302; x_wconf 90' lang='lat' dir='ltr'><strong>hominum</strong></span> <span class='ocrx_word' id='word_1_150' title='bbox 985 2243 1074 2323; x_wconf 89' lang='lat' dir='ltr'><strong>quasi</strong></span> <span class='ocrx_word' id='word_1_151' title='bbox 1106 2242 1344 2302; x_wconf 79' lang='lat' dir='ltr'><strong>familiaritatem</strong></span> 
     </span>
     <span class='ocr_line' id='line_1_19' title="bbox 224 2342 1342 2421; baseline 0 -17"><span class='ocrx_word' id='word_1_152' title='bbox 224 2353 362 2404; x_wconf 84' lang='lat' dir='ltr'><strong>venerat.</strong></span> <span class='ocrx_word' id='word_1_153' title='bbox 393 2345 432 2404; x_wconf 85' lang='lat' dir='ltr'><strong>cf.</strong></span> <span class='ocrx_word' id='word_1_154' title='bbox 450 2342 509 2404; x_wconf 86' lang='lat' dir='ltr'><strong>Ov.</strong></span> <span class='ocrx_word' id='word_1_155' title='bbox 525 2353 597 2404; x_wconf 88' lang='lat' dir='ltr'><strong>met.</strong></span> <span class='ocrx_word' id='word_1_156' title='bbox 612 2345 645 2404; x_wconf 93' lang='lat' dir='ltr'>X</span> <span class='ocrx_word' id='word_1_157' title='bbox 661 2354 757 2408; x_wconf 86' lang='lat'>106-</span> <span class='ocrx_word' id='word_1_158' title='bbox 770 2354 833 2418; x_wconf 82' lang='lat'>142,</span> <span class='ocrx_word' id='word_1_159' title='bbox 858 2342 947 2404; x_wconf 83' lang='lat' dir='ltr'><strong>Serv.</strong></span> <span class='ocrx_word' id='word_1_160' title='bbox 964 2343 1004 2401; x_wconf 86' lang='lat' dir='ltr'><strong>ad</strong></span> <span class='ocrx_word' id='word_1_161' title='bbox 1019 2344 1101 2403; x_wconf 83' lang='lat' dir='ltr'><strong>Aen.</strong></span> <span class='ocrx_word' id='word_1_162' title='bbox 1117 2343 1169 2404; x_wconf 94' lang='lat' dir='ltr'><strong>III</strong></span> <span class='ocrx_word' id='word_1_163' title='bbox 1183 2352 1225 2417; x_wconf 79' lang='grc'><strong>64,</strong></span> <span class='ocrx_word' id='word_1_164' title='bbox 1243 2353 1295 2407; x_wconf 86' lang='grc'><strong>680</strong></span> <span class='ocrx_word' id='word_1_165' title='bbox 1306 2342 1342 2421; x_wconf 82' lang='lat'><strong>²).</strong></span> 
     </span>
    </p>

    <p class='ocr_par' dir='ltr' id='par_1_5' title="bbox 224 2443 1345 3440">
     <span class='ocr_line' id='line_1_20' title="bbox 309 2443 1342 2527; baseline -0.001 -21"><span class='ocrx_word' id='word_1_166' title='bbox 309 2448 406 2506; x_wconf 83' lang='lat' dir='ltr'><strong>Totus</strong></span> <span class='ocrx_word' id='word_1_167' title='bbox 429 2466 504 2505; x_wconf 85' lang='lat' dir='ltr'><strong>vero</strong></span> <span class='ocrx_word' id='word_1_168' title='bbox 526 2447 576 2505; x_wconf 85' lang='lat' dir='ltr'><strong>hic</strong></span> <span class='ocrx_word' id='word_1_169' title='bbox 598 2447 698 2521; x_wconf 86' lang='lat' dir='ltr'><strong>loeus,</strong></span> <span class='ocrx_word' id='word_1_170' title='bbox 730 2466 821 2527; x_wconf 92' lang='lat' dir='ltr'><strong>quem</strong></span> <span class='ocrx_word' id='word_1_171' title='bbox 842 2447 1011 2505; x_wconf 90' lang='lat' dir='ltr'><strong>universim</strong></span> <span class='ocrx_word' id='word_1_172' title='bbox 1032 2445 1093 2503; x_wconf 90' lang='lat' dir='ltr'><strong>iam</strong></span> <span class='ocrx_word' id='word_1_173' title='bbox 1115 2443 1342 2524; x_wconf 82' lang='lat' dir='ltr'><strong>descripsimus,</strong></span> 
     </span>
     <span class='ocr_line' id='line_1_21' title="bbox 226 2546 1344 2629; baseline -0.001 -22"><span class='ocrx_word' id='word_1_174' title='bbox 226 2549 324 2629; x_wconf 88' lang='lat' dir='ltr'><strong>qualis</strong></span> <span class='ocrx_word' id='word_1_175' title='bbox 357 2547 450 2607; x_wconf 79' lang='lat' dir='ltr'><strong>fuerit</strong></span> <span class='ocrx_word' id='word_1_176' title='bbox 481 2547 564 2627; x_wconf 89' lang='lat' dir='ltr'><strong>apud</strong></span> <span class='ocrx_word' id='word_1_177' title='bbox 598 2546 817 2607; x_wconf 80' lang='lat' dir='ltr'><strong>Callimachum</strong></span> <span class='ocrx_word' id='word_1_178' title='bbox 847 2567 945 2627; x_wconf 90' lang='lat' dir='ltr'><strong>prope</strong></span> <span class='ocrx_word' id='word_1_179' title='bbox 973 2546 1096 2606; x_wconf 88' lang='lat' dir='ltr'><strong>modum</strong></span> <span class='ocrx_word' id='word_1_180' title='bbox 1123 2565 1187 2604; x_wconf 92' lang='lat' dir='ltr'><strong>non</strong></span> <span class='ocrx_word' id='word_1_181' title='bbox 1215 2546 1276 2606; x_wconf 91' lang='lat' dir='ltr'><strong>nisi</strong></span> <span class='ocrx_word' id='word_1_182' title='bbox 1305 2567 1344 2606; x_wconf 88' lang='lat' dir='ltr'><strong>ex</strong></span> 
     </span>
     <span class='ocr_line' id='line_1_22' title="bbox 224 2647 1344 2729; baseline -0.004 -19"><span class='ocrx_word' id='word_1_183' title='bbox 224 2649 444 2710; x_wconf 83' lang='lat' dir='ltr'><strong>Aristaenetea</strong></span> <span class='ocrx_word' id='word_1_184' title='bbox 466 2651 611 2727; x_wconf 86' lang='lat' dir='ltr'><strong>cognosci</strong></span> <span class='ocrx_word' id='word_1_185' title='bbox 633 2650 816 2729; x_wconf 88' lang='lat' dir='ltr'><strong>paraphrasi</strong></span> <span class='ocrx_word' id='word_1_186' title='bbox 830 2668 924 2726; x_wconf 84' lang='lat' dir='ltr'><strong>aegre</strong></span> <span class='ocrx_word' id='word_1_187' title='bbox 939 2649 1074 2707; x_wconf 86' lang='lat' dir='ltr'><strong>ferimus.</strong></span> <span class='ocrx_word' id='word_1_188' title='bbox 1120 2647 1235 2706; x_wconf 86' lang='lat' dir='ltr'><strong>etenim</strong></span> <span class='ocrx_word' id='word_1_189' title='bbox 1249 2667 1344 2706; x_wconf 91' lang='lat' dir='ltr'><strong>unum</strong></span> 
     </span>
     <span class='ocr_line' id='line_1_23' title="bbox 225 2747 1342 2831; baseline -0.004 -21"><span class='ocrx_word' id='word_1_190' title='bbox 225 2759 367 2831; x_wconf 86' lang='lat' dir='ltr'><strong>superest</strong></span> <span class='ocrx_word' id='word_1_191' title='bbox 390 2771 450 2831; x_wconf 91' lang='lat' dir='ltr'><strong>quo</strong></span> <span class='ocrx_word' id='word_1_192' title='bbox 473 2751 559 2810; x_wconf 91' lang='lat' dir='ltr'><strong>illum</strong></span> <span class='ocrx_word' id='word_1_193' title='bbox 586 2752 782 2810; x_wconf 81' lang='lat' dir='ltr'><strong>inlustramus</strong></span> <span class='ocrx_word' id='word_1_194' title='bbox 810 2758 924 2829; x_wconf 88' lang='lat' dir='ltr'><strong>poetae</strong></span> <span class='ocrx_word' id='word_1_195' title='bbox 952 2750 1166 2826; x_wconf 81' lang='lat' dir='ltr'><strong>fragmentum.</strong></span> <span class='ocrx_word' id='word_1_196' title='bbox 1210 2767 1282 2807; x_wconf 89' lang='lat' dir='ltr'><strong>nam</strong></span> <span class='ocrx_word' id='word_1_197' title='bbox 1304 2747 1342 2806; x_wconf 89' lang='lat' dir='ltr'><strong>ab</strong></span> 
     </span>
     <span class='ocr_line' id='line_1_24' title="bbox 225 2839 1345 2930; baseline -0.005 -18"><span class='ocrx_word' id='word_1_198' title='bbox 225 2851 451 2912; x_wconf 87' lang='lat' dir='ltr'><strong>Aristaenetcis</strong></span> <span class='ocrx_word' id='word_1_199' title='bbox 478 2839 498 2926; x_wconf 75' lang='grc' dir='ltr'><em>ἢ</em></span> <span class='ocrx_word' id='word_1_200' title='bbox 526 2851 602 2930; x_wconf 85' lang='grc' dir='ltr'><strong>γοῦν</strong></span> <span class='ocrx_word' id='word_1_201' title='bbox 629 2850 756 2910; x_wconf 84' lang='grc' dir='ltr'><strong><em>τοσαῦτα</em></strong></span> <span class='ocrx_word' id='word_1_202' title='bbox 784 2840 859 2908; x_wconf 86' lang='grc' dir='ltr'><strong><em>κατά</em></strong></span> <span class='ocrx_word' id='word_1_203' title='bbox 880 2848 941 2908; x_wconf 78' lang='grc' dir='ltr'><strong>τῶν</strong></span> <span class='ocrx_word' id='word_1_204' title='bbox 970 2848 1085 2924; x_wconf 81' lang='grc' dir='ltr'><strong><em>φλοιῶν</em></strong></span> <span class='ocrx_word' id='word_1_205' title='bbox 1107 2843 1345 2926; x_wconf 78' lang='grc' dir='ltr'><strong><em>ἐγκεκολαμμένα</em></strong></span> 
     </span>
     <span class='ocr_line' id='line_1_25' title="bbox 226 2940 1344 3033; baseline -0.001 -21"><span class='ocrx_word' id='word_1_206' title='bbox 226 2950 343 3030; x_wconf 89' lang='grc' dir='ltr'><strong><em>φέροιτε</em></strong></span> <span class='ocrx_word' id='word_1_207' title='bbox 364 2943 532 3033; x_wconf 87' lang='grc' dir='ltr'><strong><em>γράμματα,</em></strong></span> <span class='ocrx_word' id='word_1_208' title='bbox 555 2942 612 3012; x_wconf 70' lang='lat' dir='ltr'><strong>&#39;o&#39;oo</strong></span> <span class='ocrx_word' id='word_1_209' title='bbox 633 2943 689 3029; x_wconf 83' lang='grc' dir='ltr'><strong>τὴν</strong></span> <span class='ocrx_word' id='word_1_210' title='bbox 711 2951 873 3028; x_wconf 76' lang='grc' dir='ltr'><strong><em>Κυδίππην</em></strong></span> <span class='ocrx_word' id='word_1_211' title='bbox 895 2943 1068 3028; x_wconf 72' lang='grc' dir='ltr'><strong><em>ἐπονομάζει</em></strong></span> <span class='ocrx_word' id='word_1_212' title='bbox 1090 2940 1185 3024; x_wconf 77' lang='grc' dir='ltr'><strong><em>καλήν</em></strong></span> <span class='ocrx_word' id='word_1_213' title='bbox 1207 2951 1344 3030; x_wconf 87' lang='lat' dir='ltr'><strong>proxime</strong></span> 
     </span>
     <span class='ocr_line' id='line_1_26' title="bbox 228 3052 1344 3136; baseline -0.004 -22"><span class='ocrx_word' id='word_1_214' title='bbox 228 3055 338 3117; x_wconf 89' lang='lat' dir='ltr'><strong>abesse</strong></span> <span class='ocrx_word' id='word_1_215' title='bbox 362 3063 494 3136; x_wconf 88' lang='lat' dir='ltr'><strong>apparet</strong></span> <span class='ocrx_word' id='word_1_216' title='bbox 510 3054 629 3116; x_wconf 78' lang='lat' dir='ltr'><strong>Gallim.</strong></span> <span class='ocrx_word' id='word_1_217' title='bbox 646 3055 705 3134; x_wconf 85' lang='lat' dir='ltr'><strong>frg.</strong></span> <span class='ocrx_word' id='word_1_218' title='bbox 723 3066 781 3130; x_wconf 84' lang='lat'>101,</span> <span class='ocrx_word' id='word_1_219' title='bbox 805 3053 888 3136; x_wconf 88' lang='lat' dir='ltr'><strong>quod</strong></span> <span class='ocrx_word' id='word_1_220' title='bbox 905 3062 952 3113; x_wconf 90' lang='lat' dir='ltr'><strong>est</strong></span> <span class='ocrx_word' id='word_1_221' title='bbox 973 3053 1006 3112; x_wconf 94' lang='lat' dir='ltr'><strong>in</strong></span> <span class='ocrx_word' id='word_1_222' title='bbox 1021 3053 1115 3112; x_wconf 88' lang='lat' dir='ltr'><strong>schol.</strong></span> <span class='ocrx_word' id='word_1_223' title='bbox 1131 3052 1172 3111; x_wconf 86' lang='lat' dir='ltr'><strong>ad</strong></span> <span class='ocrx_word' id='word_1_224' title='bbox 1186 3053 1344 3132; x_wconf 88' lang='lat' dir='ltr'><strong>Aristoph.</strong></span> 
     </span>
     <span class='ocr_line' id='line_1_27' title="bbox 227 3142 1345 3232; baseline -0.004 -16"><span class='ocrx_word' id='word_1_225' title='bbox 227 3157 305 3217; x_wconf 78' lang='lat' dir='ltr'><strong>Aah.</strong></span> <span class='ocrx_word' id='word_1_226' title='bbox 327 3166 393 3221; x_wconf 74' lang='lat'>144:</span> <span class='ocrx_word' id='word_1_227' title='bbox 423 3154 503 3214; x_wconf 83' lang='grc' dir='ltr'><strong><em>ἴδιον</em></strong></span> <span class='ocrx_word' id='word_1_228' title='bbox 525 3152 655 3228; x_wconf 77' lang='grc' dir='ltr'><strong><em>ἐραστῶν</em></strong></span> <span class='ocrx_word' id='word_1_229' title='bbox 677 3142 727 3232; x_wconf 81' lang='grc' dir='ltr'><strong>ἦν,</strong></span> <span class='ocrx_word' id='word_1_230' title='bbox 749 3147 785 3214; x_wconf 80' lang='grc' dir='ltr'><strong>τά</strong></span> <span class='ocrx_word' id='word_1_231' title='bbox 806 3154 866 3214; x_wconf 78' lang='grc' dir='ltr'><strong>τῶν</strong></span> <span class='ocrx_word' id='word_1_232' title='bbox 889 3147 1044 3231; x_wconf 73' lang='grc' dir='ltr'><strong><em>ἐρωμένων</em></strong></span> <span class='ocrx_word' id='word_1_233' title='bbox 1065 3143 1196 3230; x_wconf 83' lang='grc' dir='ltr'><strong><em>ὀνόματα</em></strong></span> <span class='ocrx_word' id='word_1_234' title='bbox 1217 3147 1345 3232; x_wconf 76' lang='grc' dir='ltr'><strong><em>γράφειν</em></strong></span> 
     </span>
     <span class='ocr_line' id='line_1_28' title="bbox 227 3245 1343 3335; baseline -0.003 -19"><span class='ocrx_word' id='word_1_235' title='bbox 227 3253 258 3316; x_wconf 83' lang='grc' dir='ltr'><strong>έν</strong></span> <span class='ocrx_word' id='word_1_236' title='bbox 280 3261 342 3329; x_wconf 85' lang='grc' dir='ltr'><strong><em>τοῖς</em></strong></span> <span class='ocrx_word' id='word_1_237' title='bbox 363 3256 471 3335; x_wconf 79' lang='grc' dir='ltr'><strong><em>τοίχοις</em></strong></span> <span class='ocrx_word' id='word_1_238' title='bbox 493 3248 512 3334; x_wconf 79' lang='grc' dir='ltr'>ἢ</span> <span class='ocrx_word' id='word_1_239' title='bbox 536 3255 669 3332; x_wconf 79' lang='grc' dir='ltr'><strong><em>δένδροις</em></strong></span> <span class='ocrx_word' id='word_1_240' title='bbox 696 3245 715 3333; x_wconf 74' lang='grc' dir='ltr'><em>ἢ</em></span> <span class='ocrx_word' id='word_1_241' title='bbox 739 3250 861 3332; x_wconf 81' lang='grc' dir='ltr'><strong><em>φύλλοις</em></strong></span> <span class='ocrx_word' id='word_1_242' title='bbox 882 3247 990 3326; x_wconf 76' lang='grc' dir='ltr'><strong><em>οὕτως·</em></strong></span> <span class='ocrx_word' id='word_1_243' title='bbox 1017 3245 1033 3315; x_wconf 86' lang='grc' dir='ltr'>ὁ</span> <span class='ocrx_word' id='word_1_244' title='bbox 1058 3253 1140 3314; x_wconf 83' lang='grc' dir='ltr'><strong><em>δεῖνα</em></strong></span> <span class='ocrx_word' id='word_1_245' title='bbox 1161 3247 1261 3325; x_wconf 81' lang='grc' dir='ltr'><strong><em>καλάς.</em></strong></span> <span class='ocrx_word' id='word_1_246' title='bbox 1292 3251 1343 3314; x_wconf 88' lang='grc' dir='ltr'><strong>καὶ</strong></span> 
     </span>
     <span class='ocr_line' id='line_1_29' title="bbox 227 3349 520 3440; baseline 0.003 -23"><span class='ocrx_word' id='word_1_247' title='bbox 227 3349 307 3435; x_wconf 85' lang='grc' dir='ltr'><strong><em>παρά</em></strong></span> <span class='ocrx_word' id='word_1_248' title='bbox 329 3353 520 3440; x_wconf 80' lang='grc' dir='ltr'><strong><em>Καλλιμάχῳ·</em></strong></span> 
     </span>
    </p>

    <p class='ocr_par' dir='ltr' id='par_1_6' title="bbox 376 3467 1393 3555">
     <span class='ocr_line' id='line_1_30' title="bbox 376 3467 1393 3555; baseline -0.001 -18"><span class='ocrx_word' id='word_1_249' title='bbox 376 3471 442 3537; x_wconf 71' lang='grc' dir='ltr'><strong><em>ἀλλ’</em></strong></span> <span class='ocrx_word' id='word_1_250' title='bbox 467 3474 511 3537; x_wconf 68' lang='lat' dir='ltr'><strong>tvi</strong></span> <span class='ocrx_word' id='word_1_251' title='bbox 534 3467 570 3554; x_wconf 79' lang='grc' dir='ltr'><strong>δη</strong></span> <span class='ocrx_word' id='word_1_252' title='bbox 593 3471 732 3554; x_wconf 74' lang='grc' dir='ltr'><strong><em>φύλλοισι</em></strong></span> <span class='ocrx_word' id='word_1_253' title='bbox 754 3473 920 3555; x_wconf 75' lang='grc' dir='ltr'><strong><em>κεκομμένα</em></strong></span> <span class='ocrx_word' id='word_1_254' title='bbox 941 3467 1030 3536; x_wconf 88' lang='grc' dir='ltr'><strong><em>τόσσα</em></strong></span> <span class='ocrx_word' id='word_1_255' title='bbox 1052 3471 1169 3553; x_wconf 77' lang='grc' dir='ltr'><strong><em>φέροιτε</em></strong></span> <span class='ocrx_word' id='word_1_256' title='bbox 1355 3486 1393 3528; x_wconf 80' lang='lat' dir='ltr'><strong>XI!</strong></span> 
     </span>
    </p>
   </div>
   <div class='ocr_carea' id='block_1_5' title="bbox 429 3568 1131 3660">
    <p class='ocr_par' dir='ltr' id='par_1_7' title="bbox 429 3568 1131 3660">
     <span class='ocr_line' id='line_1_31' title="bbox 429 3568 1131 3660; baseline -0.003 -22"><span class='ocrx_word' id='word_1_257' title='bbox 429 3575 594 3660; x_wconf 86' lang='grc' dir='ltr'><strong><em>γράμματα,</em></strong></span> <span class='ocrx_word' id='word_1_258' title='bbox 618 3578 780 3656; x_wconf 76' lang='grc' dir='ltr'><strong><em>Κυδίππην</em></strong></span> <span class='ocrx_word' id='word_1_259' title='bbox 802 3568 865 3637; x_wconf 83' lang='grc' dir='ltr'><strong><em>δσσ’</em></strong></span> <span class='ocrx_word' id='word_1_260' title='bbox 891 3574 1005 3659; x_wconf 76' lang='grc' dir='ltr'><strong><em>ἐρέουσι</em></strong></span> <span class='ocrx_word' id='word_1_261' title='bbox 1027 3570 1131 3655; x_wconf 80' lang='grc' dir='ltr'><strong><em>καλήν.</em></strong></span> 
     </span>
    </p>
   </div>
   <div class='ocr_carea' id='block_1_6' title="bbox 230 3698 1345 3878">
    <p class='ocr_par' dir='ltr' id='par_1_8' title="bbox 230 3698 1345 3878">
     <span class='ocr_line' id='line_1_32' title="bbox 311 3698 1345 3781; baseline -0.004 -21"><span class='ocrx_word' id='word_1_262' title='bbox 311 3702 472 3761; x_wconf 89' lang='lat' dir='ltr'><strong>Bentleius</strong></span> <span class='ocrx_word' id='word_1_263' title='bbox 489 3701 627 3781; x_wconf 90' lang='lat' dir='ltr'><strong>quamvis</strong></span> <span class='ocrx_word' id='word_1_264' title='bbox 649 3699 847 3779; x_wconf 86' lang='lat' dir='ltr'><strong>paraphrasis</strong></span> <span class='ocrx_word' id='word_1_265' title='bbox 863 3699 1100 3758; x_wconf 87' lang='lat' dir='ltr'><strong>Aristaeneteae</strong></span> <span class='ocrx_word' id='word_1_266' title='bbox 1117 3707 1199 3757; x_wconf 89' lang='lat' dir='ltr'><strong>esset</strong></span> <span class='ocrx_word' id='word_1_267' title='bbox 1219 3698 1345 3775; x_wconf 84' lang='lat' dir='ltr'><strong>ignarus</strong></span> 
     </span>
     <span class='ocr_line' id='line_1_33' title="bbox 230 3789 1345 3878; baseline 0 -20"><span class='ocrx_word' id='word_1_268' title='bbox 230 3803 361 3863; x_wconf 85' lang='lat' dir='ltr'><strong>correxit</strong></span> <span class='ocrx_word' id='word_1_269' title='bbox 388 3789 464 3877; x_wconf 67' lang='lat'><strong>3⁶0⁹,</strong></span> <span class='ocrx_word' id='word_1_270' title='bbox 501 3823 568 3862; x_wconf 90' lang='lat' dir='ltr'><strong>oum</strong></span> <span class='ocrx_word' id='word_1_271' title='bbox 605 3799 730 3878; x_wconf 39' lang='lat' dir='ltr'><strong>Aldina,</strong></span> <span class='ocrx_word' id='word_1_272' title='bbox 756 3800 886 3860; x_wconf 90' lang='lat' dir='ltr'><strong>haberet</strong></span> <span class='ocrx_word' id='word_1_273' title='bbox 917 3790 972 3874; x_wconf 80' lang='grc' dir='ltr'><strong>ὦς,</strong></span> <span class='ocrx_word' id='word_1_274' title='bbox 1009 3809 1041 3859; x_wconf 92' lang='lat' dir='ltr'><strong>et</strong></span> <span class='ocrx_word' id='word_1_275' title='bbox 1072 3801 1219 3874; x_wconf 85' lang='grc' dir='ltr'><strong><em>φλοιοῑσι,</em></strong></span> <span class='ocrx_word' id='word_1_276' title='bbox 1258 3800 1345 3859; x_wconf 88' lang='lat' dir='ltr'><strong>scho-</strong></span> 
     </span>
    </p>
   </div>
   <div class='ocr_carea' id='block_1_7' title="bbox 297 4037 810 4104">
    <p class='ocr_par' dir='ltr' id='par_1_9' title="bbox 297 4037 810 4104">
     <span class='ocr_line' id='line_1_34' title="bbox 297 4037 810 4104; baseline -0.002 -13"><span class='ocrx_word' id='word_1_277' title='bbox 297 4037 380 4104; x_wconf 87' lang='lat' dir='ltr'><strong>l)1tu</strong></span> <span class='ocrx_word' id='word_1_278' title='bbox 399 4040 471 4090; x_wconf 88' lang='lat' dir='ltr'><strong>enim</strong></span> <span class='ocrx_word' id='word_1_279' title='bbox 489 4039 739 4104; x_wconf 79' lang='lat' dir='ltr'><strong>interpungendum</strong></span> <span class='ocrx_word' id='word_1_280' title='bbox 758 4044 810 4090; x_wconf 87' lang='lat' dir='ltr'><strong>est.</strong></span> 
     </span>
    </p>
   </div>
   <div class='ocr_carea' id='block_1_8' title="bbox 230 4132 1346 4544">
    <p class='ocr_par' dir='ltr' id='par_1_10' title="bbox 230 4132 1346 4544">
     <span class='ocr_line' id='line_1_35' title="bbox 295 4132 1344 4207; baseline -0.002 -17"><span class='ocrx_word' id='word_1_281' title='bbox 295 4139 317 4206; x_wconf 83' lang='lat'><strong>²)</strong></span> <span class='ocrx_word' id='word_1_282' title='bbox 336 4142 374 4191; x_wconf 90' lang='lat' dir='ltr'><strong>Hi</strong></span> <span class='ocrx_word' id='word_1_283' title='bbox 392 4145 507 4192; x_wconf 80' lang='lat' dir='ltr'><strong>narrant</strong></span> <span class='ocrx_word' id='word_1_284' title='bbox 519 4141 697 4207; x_wconf 79' lang='lat' dir='ltr'><strong>Cyparissum</strong></span> <span class='ocrx_word' id='word_1_285' title='bbox 714 4141 842 4190; x_wconf 85' lang='lat' dir='ltr'><strong>iuvenem</strong></span> <span class='ocrx_word' id='word_1_286' title='bbox 856 4139 886 4187; x_wconf 94' lang='lat' dir='ltr'><strong>in</strong></span> <span class='ocrx_word' id='word_1_287' title='bbox 898 4139 1024 4189; x_wconf 80' lang='lat' dir='ltr'><strong>arborem</strong></span> <span class='ocrx_word' id='word_1_288' title='bbox 1038 4151 1098 4188; x_wconf 89' lang='lat' dir='ltr'><strong>esse</strong></span> <span class='ocrx_word' id='word_1_289' title='bbox 1111 4132 1344 4188; x_wconf 83' lang='lat' dir='ltr'><strong>transformatum.</strong></span> 
     </span>
     <span class='ocr_line' id='line_1_36' title="bbox 231 4221 1344 4291; baseline -0.002 -18"><span class='ocrx_word' id='word_1_290' title='bbox 231 4223 281 4273; x_wconf 79' lang='lat' dir='ltr'><strong>clii</strong></span> <span class='ocrx_word' id='word_1_291' title='bbox 297 4225 423 4275; x_wconf 86' lang='lat' dir='ltr'><strong>referunt</strong></span> <span class='ocrx_word' id='word_1_292' title='bbox 440 4225 562 4290; x_wconf 84' lang='lat' dir='ltr'><strong>puellam</strong></span> <span class='ocrx_word' id='word_1_293' title='bbox 580 4226 665 4276; x_wconf 81' lang='lat' dir='ltr'><strong>inisse</strong></span> <span class='ocrx_word' id='word_1_294' title='bbox 685 4225 872 4291; x_wconf 80' lang='lat' dir='ltr'><strong>Cyparissam.</strong></span> <span class='ocrx_word' id='word_1_295' title='bbox 892 4223 928 4273; x_wconf 84' lang='lat' dir='ltr'><strong>cf.</strong></span> <span class='ocrx_word' id='word_1_296' title='bbox 947 4221 1153 4274; x_wconf 86' lang='lat' dir='ltr'><strong>Boettioherum</strong></span> <span class='ocrx_word' id='word_1_297' title='bbox 1171 4222 1190 4272; x_wconf 93' lang='lat' dir='ltr'><strong>l.</strong></span> <span class='ocrx_word' id='word_1_298' title='bbox 1203 4237 1227 4271; x_wconf 88' lang='lat' dir='ltr'><strong>o.</strong></span> <span class='ocrx_word' id='word_1_299' title='bbox 1246 4238 1273 4286; x_wconf 90' lang='lat' dir='ltr'><strong>p.</strong></span> <span class='ocrx_word' id='word_1_300' title='bbox 1285 4222 1344 4271; x_wconf 78' lang='lat'><strong>490.</strong></span> 
     </span>
     <span class='ocr_line' id='line_1_37' title="bbox 230 4305 1346 4374; baseline -0.004 -16"><span class='ocrx_word' id='word_1_301' title='bbox 230 4321 346 4374; x_wconf 83' lang='lat' dir='ltr'><strong>namque</strong></span> <span class='ocrx_word' id='word_1_302' title='bbox 365 4309 478 4361; x_wconf 85' lang='lat' dir='ltr'><strong>Servius</strong></span> <span class='ocrx_word' id='word_1_303' title='bbox 496 4311 532 4360; x_wconf 85' lang='lat' dir='ltr'><strong>ad</strong></span> <span class='ocrx_word' id='word_1_304' title='bbox 548 4311 617 4364; x_wconf 86' lang='lat' dir='ltr'><strong>Aen.</strong></span> <span class='ocrx_word' id='word_1_305' title='bbox 630 4311 682 4374; x_wconf 89' lang='lat'>111,</span> <span class='ocrx_word' id='word_1_306' title='bbox 696 4312 742 4360; x_wconf 74' lang='lat'><strong>642</strong></span> <span class='ocrx_word' id='word_1_307' title='bbox 761 4312 810 4360; x_wconf 82' lang='lat' dir='ltr'><strong>duo</strong></span> <span class='ocrx_word' id='word_1_308' title='bbox 828 4310 883 4359; x_wconf 84' lang='lat' dir='ltr'><strong>eius</strong></span> <span class='ocrx_word' id='word_1_309' title='bbox 899 4313 959 4358; x_wconf 81' lang='grc' dir='ltr'><strong><em>εακί</em></strong></span> <span class='ocrx_word' id='word_1_310' title='bbox 974 4323 1077 4373; x_wconf 69' lang='lat' dir='ltr'><strong>pomo,</strong></span> <span class='ocrx_word' id='word_1_311' title='bbox 1096 4322 1152 4355; x_wconf 85' lang='lat' dir='ltr'><strong>nam</strong></span> <span class='ocrx_word' id='word_1_312' title='bbox 1170 4305 1346 4370; x_wconf 71' lang='lat' dir='ltr'><strong>quaesieritis</strong></span> 
     </span>
     <span class='ocr_line' id='line_1_38' title="bbox 230 4394 1218 4458; baseline -0.006 -14"><span class='ocrx_word' id='word_1_313' title='bbox 230 4401 276 4454; x_wconf 82' lang='lat' dir='ltr'><strong>est,</strong></span> <span class='ocrx_word' id='word_1_314' title='bbox 297 4394 418 4458; x_wconf 72' lang='lat' dir='ltr'><strong>femina</strong></span> <span class='ocrx_word' id='word_1_315' title='bbox 435 4396 530 4445; x_wconf 83' lang='lat' dir='ltr'><strong>dicitur</strong></span> <span class='ocrx_word' id='word_1_316' title='bbox 543 4433 550 4449; x_wconf 93' lang='lat'><strong>.</strong></span> <span class='ocrx_word' id='word_1_317' title='bbox 561 4431 567 4445; x_wconf 92' lang='lat'><strong>.</strong></span> <span class='ocrx_word' id='word_1_318' title='bbox 579 4431 604 4446; x_wconf 89' lang='lat'><strong>..</strong></span> <span class='ocrx_word' id='word_1_319' title='bbox 618 4402 709 4446; x_wconf 81' lang='lat' dir='ltr'><strong>contro</strong></span> <span class='ocrx_word' id='word_1_320' title='bbox 726 4409 789 4444; x_wconf 86' lang='lat' dir='ltr'><strong>mos</strong></span> <span class='ocrx_word' id='word_1_321' title='bbox 807 4395 883 4444; x_wconf 74' lang='grc' dir='ltr'><strong><em>ίοίίκε</em></strong></span> <span class='ocrx_word' id='word_1_322' title='bbox 899 4394 1002 4458; x_wconf 63' lang='lat' dir='ltr'><strong>spargit</strong></span> <span class='ocrx_word' id='word_1_323' title='bbox 1017 4406 1102 4441; x_wconf 81' lang='grc' dir='ltr'><strong><em>νωκοε</em></strong></span> <span class='ocrx_word' id='word_1_324' title='bbox 1120 4405 1144 4440; x_wconf 86' lang='lat' dir='ltr'><strong>e.</strong></span> <span class='ocrx_word' id='word_1_325' title='bbox 1158 4405 1183 4454; x_wconf 92' lang='lat' dir='ltr'><strong>q.</strong></span> <span class='ocrx_word' id='word_1_326' title='bbox 1195 4401 1218 4439; x_wconf 89' lang='lat' dir='ltr'><strong>s.</strong></span> 
     </span>
     <span class='ocr_line' id='line_1_39' title="bbox 263 4471 1142 4544; baseline 0.008 -15"><span class='ocrx_word' id='word_1_327' title='bbox 263 4493 404 4544; x_wconf 75' lang='lat' dir='ltr'><strong>omunsr,</strong></span> <span class='ocrx_word' id='word_1_328' title='bbox 425 4495 540 4531; x_wconf 68' lang='lat' dir='ltr'><strong>cuturn.</strong></span> <span class='ocrx_word' id='word_1_329' title='bbox 836 4472 839 4477; x_wconf 41' lang='lat'>¹</span> <span class='ocrx_word' id='word_1_330' title='bbox 1121 4471 1142 4536; x_wconf 85' lang='grc'><strong>6</strong></span> 
     </span>
    </p>
   </div>
   <div class='ocr_carea' id='block_1_9' title="bbox 0 0 1653 5158">
    <p class='ocr_par' dir='ltr' id='par_1_11' title="bbox 0 0 1653 5158">
     <span class='ocr_line' id='line_1_40' title="bbox 0 0 1653 5158; baseline 0 0"><span class='ocrx_word' id='word_1_331' title='bbox 0 0 1653 5158; x_wconf 95' lang='lat' dir='ltr'><strong> </strong></span> 
     </span>
    </p>
   </div>
  </div>
 </body>
</html>
