3284 5158
752 393 985 459 -138-

271 641 275 654 ¹
328 584 365 636 15‘
383 574 496 653 quique
519 573 577 631 fuit
598 589 764 650 numquam
785 589 914 648 parvus,
938 589 1021 629 nunc
1042 577 1181 648 tempore
1203 570 1297 647 longo
1348 649 1351 654 „

425 683 456 733 et
478 693 548 752 spe,
573 693 664 753 quam
687 670 819 730 dederas
841 679 874 730 tu
896 671 984 744 mihi,
1009 672 1106 730 crevit
1128 691 1221 730 amor.

382 796 469 856 spem
491 775 566 833 mihi
586 784 620 834 tu
643 772 789 846 dederas,
812 792 897 832 meus
919 773 969 831 hic
991 772 1047 832 tibi
1070 771 1204 832 credidit
1226 773 1332 832 ardor:

424 898 489 937 non
512 886 601 955 potes
623 876 683 935 hoc
705 875 819 933 factum
840 883 920 934 teste
942 894 1059 952 negare
1082 873 1151 934 dea.

383 978 482 1038 adfuit
504 987 535 1038 et
557 997 707 1058 praesens
729 984 763 1036 ut
786 983 851 1036 erat
873 984 925 1035 tua
946 975 1043 1036 verba
1065 977 1186 1034 notavit

326 1090 361 1142 20
426 1089 456 1139 et
478 1082 574 1140 visast
595 1088 677 1139 mota
700 1079 780 1138 dicta
802 1078 908 1137 tulisse
932 1097 1027 1137 coma.
1211 1065 1216 1076 ’

384 1181 547 1261 deceptam
571 1181 654 1242 dicas
677 1188 836 1240 nostrate
859 1179 968 1239 fraude
990 1179 1110 1253 licebit,

427 1283 498 1342 dum
521 1283 638 1343 fraudis
661 1290 786 1342 nostrae
809 1301 901 1342 causa
923 1282 1040 1340 feratur
1062 1301 1155 1340 amor.

385 1383 478 1466 [fraus
500 1405 569 1443 mea
593 1383 667 1464 quid
689 1383 793 1462 petiit,
817 1385 878 1443 nisi
899 1385 944 1442 uti
965 1382 1021 1442 tibi
1043 1383 1189 1460 iungeret
1211 1384 1287 1444 uni?

425 1486 458 1546 id
480 1507 543 1559 mc,
569 1485 652 1566 quod
675 1486 829 1565 quereris,
853 1466 1164 1564 conciliare'potestd

328 1596 360 1648 25
383 1609 447 1647 non
471 1609 528 1666 ego
552 1596 662 1647 natura
684 1607 743 1646 nec
764 1607 830 1646 sum
851 1596 914 1646 tam
937 1585 1066 1646 callidus
1088 1607 1160 1646 usu:

425 1691 570 1761 solertem
591 1698 624 1748 tu
646 1709 710 1762 me,
735 1688 843 1762 crede,
868 1689 986 1768 puella,
1011 1689 1098 1748 facis.

382 1800 413 1850 te
435 1793 508 1852 mihi
531 1791 714 1871 conpositis,
742 1792 767 1851 si
791 1790 865 1871 quid
887 1799 991 1850 tamen
1015 1791 1147 1868 egimus,
1172 1799 1237 1851 arte

426 1893 591 1953 adstrinxit
611 1893 714 1954 verbis
737 1894 918 1972 ingeniosus
940 1891 1044 1952 Amor.

384 1995 506 2054 dictatis
529 1994 567 2053 ab
591 2015 627 2054 eo
651 1995 712 2054 feci
734 1995 893 2074 sponsalia
914 1993 1033 2067 verbis,

326 2105 361 2158 30
426 2098 628 2176 consultoque
650 2098 695 2156 fui
716 2097 789 2156 iuris
811 2095 926 2155 Amore
948 2083 1046 2155 vafer.
1146 2148 1148 2153 .

384 2200 423 2258 sit
445 2199 527 2275 fraus
550 2198 621 2256 huic
643 2200 724 2258 facto
747 2217 861 2257 nomen
885 2197 1030 2277 dicarque
1054 2196 1195 2271 dolosus,
1220 2253 1232 2258 -

426 2300 452 2358 si
474 2307 578 2358 tamen
602 2308 649 2359 est
671 2300 756 2380 quod
779 2319 862 2360 ames
884 2300 966 2358 velle
984 2307 1099 2359 tenere
1124 2299 1222 2359 dolus.

316 2503 518 2512 —--——-——

380 2670 405 2705 v.
425 2655 457 2704 15
475 2670 600 2719 nonquam
618 2652 654 2716 G,
674 2669 720 2704 nee
738 2660 850 2718 tempore
868 2653 915 2703 ΡΙ
935 2652 959 2703 G
976 2654 1009 2704 L.
1029 2679 1061 2688 —
1083 2671 1109 2706 v.
1133 2655 1165 2704 16
1183 2663 1208 2704 et
1224 2671 1286 2719 aper
1304 2657 1360 2719 ΡΙ,
1386 2657 1434 2721 qui

313 2797 330 2830 a
348 2780 437 2846 prima
455 2797 537 2831 manu
554 2781 678 2831 habebat
696 2788 721 2830 et
737 2796 784 2844 ape
801 2780 825 2829 L
844 2780 870 2842 S,
891 2797 926 2830 ecc
942 2795 989 2844 spe
1008 2779 1133 2830 GLPe.
1170 2741 1256 2832 aredii
1267 2784 1321 2846 ΡΙ,
1341 2786 1435 2834 crescit

311 2867 334 2915 L
354 2865 383 2916 S.
420 2865 554 2916 (iomisit
571 2865 658 2916 verba
677 2872 702 2914 ιιι
719 2865 827 2914 miti-
846 2867 970 2924 dederas,
996 2865 1095 2915 deinde
1114 2868 1254 2916 recentior
1272 2883 1307 2917 m.
1329 2867 1434 2917 adscri-

311 2951 367 3016 psit
380 2958 405 3000 tu
417 2951 476 3004 miti
487 2953 581 3000 crescit
591 2967 669 3015 arnor,
679 2965 749 3014 spem
760 2949 819 2998 midi
830 2956 856 2998 ιιι
869 2951 979 3000 dederas
990 2967 1066 3000 naeus.
1076 2973 1110 2986 —
1119 2966 1145 3000 v.
1158 2953 1188 3000 17
1202 2951 1248 3002 tibi
1259 2951 1351 3001 omisit
1359 2953 1434 3002 L.-

310 3093 337 3131 v.
357 3079 388 3127 18
412 3042 459 3128 iii
478 3083 554 3141 potes
577 3077 637 3128 Ρ2.
664 3103 695 3111 -
722 3093 749 3129 v.
768 3078 799 3127 19
822 3032 900 3144 alluit
922 3078 984 3140 Pl,
1009 3079 1086 3142 affuit
1103 3079 1200 3130 ceteri.
1236 3037 1356 3128 cremina
1377 3077 1433 3130 Ρ1.

312 3190 344 3199 -
362 3179 387 3214 v.
406 3163 439 3212 20
457 3168 559 3212 notasse
578 3162 631 3210 Ρ2.
660 3160 707 3210 hic
724 3175 749 3211 v.
769 3163 893 3226 graviter
911 3161 1092 3227 interpolatus
1110 3163 1228 3212 videtur.
1264 3161 1303 3212 ei.
1323 3161 1386 3212 iast.
1405 3162 1434 3211 11

311 3249 376 3310 846,
395 3250 461 3298 met.
480 3246 520 3296 IX
538 3247 587 3296 261
601 3250 658 3296 etc.
693 3246 787 3296 forsan
804 3251 886 3311 poeta
905 3248 945 3297 ita
964 3248 1023 3296 iere
1042 3246 1204 3311 scripserat:
1224 3254 1249 3298 et
1266 3248 1346 3297 visam
1362 3253 1429 3296 motu

311 3331 396 3398 (nutu)
413 3337 487 3398 siqua
502 3332 604 3381 dedisse
621 3331 695 3380 bona.
722 3316 763 3381 ef.⁸
779 3347 863 3381 amor.
881 3333 924 3381 III
936 3334 961 3394 2,
980 3332 1021 3393 58,
1042 3347 1084 3396 ep.
1103 3333 1155 3382 VII
1172 3335 1212 3384 96.
1240 3334 1314 3398 ciana
1330 3331 1433 3381 dedisse

311 3461 368 3508 iam
382 3457 637 3509 Slichtenhorstius.
649 3482 683 3492 -
694 3473 720 3507 v.
733 3457 765 3506 21
778 3419 972 3522 nostrdfroute
985 3459 1068 3508 licebit
1080 3457 1132 3520 Pl,
1153 3458 1238 3508 licebit
1256 3475 1273 3508 a
1285 3475 1341 3508 sec.
1355 3473 1389 3508 m.
1404 3458 1434 3506 in

311 3558 415 3594 rasura.
429 3569 463 3578 —-
481 3559 506 3593 v.
521 3544 553 3592 22
566 3543 609 3592 ric
623 3542 728 3605 fraudis
741 3542 774 3593 G.
786 3569 820 3578 —
837 3559 862 3594 v.
877 3546 909 3594 23
926 3545 978 3594 hoo
998 3543 1136 3592 distichon
1155 3546 1203 3592 aut
1221 3543 1302 3594 valde
1321 3543 1433 3593 mendo-

311 3686 370 3721 sum
389 3673 437 3719 aut
454 3668 576 3734 spurium
593 3667 731 3720 iudicavit
752 3669 786 3724 N.
803 3669 943 3721 Heinsius.
979 3625 1088 3734 quipetii
1105 3670 1155 3717 nisi
1170 3675 1197 3717 ιιι
1215 3669 1273 3731 ΡΙ,
1299 3671 1349 3719 nisi
1365 3671 1436 3736 qaod

312 3755 445 3815 sLPa,
463 3756 514 3804 nisi
530 3755 569 3803 ati
586 3752 692 3818 aliquot
709 3753 775 3804 libri
793 3759 821 3805 et
839 3755 984 3804 editiones.
1003 3779 1037 3788 -
1055 3769 1081 3804 v.
1094 3753 1127 3802 24
1144 3754 1295 3803 consciliare
1312 3759 1386 3816 potes
1404 3753 1432 3814 S,

307 3839 553 3904 potesP2L1.-
570 3855 596 3888 v.
610 3839 643 3888 25
662 3856 712 3890 non
729 3857 781 3890 aum
798 3846 848 3890 tam
865 3841 934 3889 La·
948 3840 1046 3888 calidus
1063 3839 1108 3887 La
1127 3836 1144 3886 S
1165 3840 1193 3885 et
1211 3838 1308 3886 culidem
1325 3853 1385 3887 usas
1403 3839 1433 3886 in

309 3926 417 3974 callidus
428 3941 475 3974 ιιιιι
488 3927 643 3974 correctum
655 3923 708 3977 Ρ1.
720 3951 753 3959 -
770 3940 797 3974 v.
810 3925 842 3973 26
859 3927 978 3974 solertem
990 3923 1042 3985 ΡΙ,
1062 3921 1297 3974 sollertem'ceteri.
1309 3944 1344 3960 ·-
1360 3938 1386 3970 v.
1400 3923 1433 3972 27

309 4011 455 4074 compositis
472 4009 546 4060 libri.
582 4025 599 4058 a
616 4023 654 4058 me
672 4009 726 4071 Pl,
745 4017 802 4058 arte
820 4009 935 4059 GLP2
949 4009 974 4060 S.
1005 4007 1043 4057 cf.
1058 4022 1128 4072 quae
1142 4005 1279 4056 dehoev.
1294 4005 1435 4070 disputavi

309 4110 335 4160 p.
354 4095 387 4144 61
405 4109 446 4159 sq.
464 4109 491 4145 n.
512 4095 535 4143 1.
557 4121 587 4130 —
611 4109 638 4145 v.
656 4093 689 4143 28
708 4094 832 4142 adstriaeit
848 4095 903 4156 Pl,
929 4093 1053 4142 astrinxit
1071 4091 1095 4142 G
1113 4091 1172 4152 Ρ2,
1196 4092 1313 4140 astrinsit
1329 4092 1367 4153 L,
1387 4091 1434 4140 ab·

309 4223 419 4272 aminoeit
442 4221 469 4274 S.
494 4247 527 4257 -
550 4237 574 4274 v.
594 4221 627 4270 30
650 4224 845 4283 consumptoque
863 4219 905 4267 ΡΙ
925 4219 948 4266 L
968 4218 999 4282 S,
1029 4175 1224 4284 consiliisque
1243 4216 1301 4278 Pa,
1321 4232 1433 4268 eonsum-

310 4354 385 4414 toqae
405 4347 438 4410 G,
458 4349 622 4412 consultoque
640 4345 663 4394 L
682 4346 734 4396 Ρ2.
767 4345 843 4408 fover
862 4343 894 4395 G.
913 4371 947 4379 —
965 4360 990 4394 v.
1009 4347 1041 4394 32
1059 4362 1129 4396 amaa
1147 4344 1174 4394 S.
1211 4309 1284 4396 delds
1304 4343 1335 4394 G.
