3284 5158
762 419 974 484 ,82-

309 598 430 657 liastam
458 615 536 656 sane
564 595 725 674 scripsisse
753 586 891 668 φύλλοισι
922 590 1125 670 1111111111)
1169 597 1320 652 notandum
1350 585 1427 668 φύλ-

311 700 402 772 λοισι,
441 717 525 774 quam
564 701 703 755 lectionem
736 701 849 754 tutatur
886 700 947 770 ipse
978 698 1154 753 scholiastes:
1191 701 1218 752 si
1248 701 1318 753 enim
1351 698 1430 769 apud

310 803 385 859 banc
405 817 512 875 quoquc
532 803 645 874 leporis,
680 783 853 876 111111111ςῆ
875 797 1008 871 φλοιοῖς,
1031 799 1072 854 bis
1092 801 1208 856 eandem
1230 813 1288 854 rern
1311 801 1426 855 1111111.

309 903 389 960 Idem
410 906 512 975 quippe
533 906 576 958 est
597 902 748 958 inscribere
776 901 922 958 arboribus
949 915 985 956 ac
1012 900 1169 956 corticibus.
1222 899 1303 955 Bono
1333 905 1429 956 tamen

308 1007 489 1080 grammatici
513 1005 595 1060 buius
625 1006 720 1073 uenia,
760 1005 842 1058 liccat
873 1003 951 1058 nobis
992 1003 1142 1058 restituere
1176 1001 1305 1074 φλοιοῖσι
1342 1001 1429 1073 (puori

311 1106 469 1164 scribebant
483 1100 617 1180 φλυοῖσι)
634 1122 692 1178 pro
707 1095 854 1176 φύλλοισι.
893 1103 960 1171 Quis
980 1106 1051 1160 enim
1073 1107 1186 1159 amator
1207 1104 1276 1159 odeo
1297 1104 1426 1170 insulsus,

310 1215 343 1266 ut
365 1215 475 1264 amotae
495 1221 594 1264 nomen
611 1209 746 1280 parituris
765 1205 841 1278 soliis
862 1206 1016 1260 inscribat?
1038 1223 1097 1262 nec
1114 1203 1222 1262 mirum
1238 1213 1293 1279 est,
1317 1213 1427 1282 postea

310 1306 479 1367 accedente
502 1305 679 1366 testimonio
702 1305 909 1382 Aristaeneti,
938 1305 990 1384 qui
1011 1304 1106 1363 habet
1128 1294 1203 1362 nard
1224 1305 1282 1363 τῶν
1302 1304 1444 1380 uicinia,-

310 1411 395 1469 illam
432 1406 572 1468 omnibus
611 1406 811 1466 (certissimam
846 1407 944 1466 visam
978 1425 1046 1465 esse
1080 1406 1339 1467 emendationem.
1392 1427 1427 1464 ac

309 1511 475 1570 Piersonus
495 1509 628 1568 verisim.
652 1529 684 1587 p.
707 1516 741 1571 99
764 1528 803 1568 cx
823 1508 1021 1567 Aristaencto
1045 1507 1193 1566 reducere
1217 1509 1309 1567 etiem
1330 1508 1427 1567 voluit

309 1607 354 1669 iot
378 1603 415 1686 δὴ
436 1613 553 1687 φλοιοῖς
574 1604 854 1686 κεκολαμμένα,
887 1629 978 1689 quam
1000 1618 1103 1668 tamen
1132 1609 1338 1668 coniecturam
1359 1611 1426 1689 ipse

308 1722 419 1793 postea
440 1713 547 1773 reiecit
570 1712 730 1771 indicante
749 1711 957 1771 Valckenario
975 1709 1095 1771 callim.
1118 1712 1198 1790 frgg.
1214 1711 1295 1789 eleg.
1318 1721 1425 1790 11111.

308 1816 406 1874 nihilo
434 1815 529 1874 setius
551 1814 652 1873 fateor
681 1811 841 1892 equidem,
870 1813 996 1872 Bentlei
1024 1813 1245 1872 correctionem
1267 1813 1340 1872 mihi
1362 1833 1426 1872 non

308 1917 406 1976 solum
429 1925 543 1976 certam
565 1934 629 1973 non
651 1913 766 1986 videri,
799 1912 855 1973 sed
877 1933 918 1972 ne
941 1913 1133 1992 probabilem
1155 1913 1289 1994 quidem.
1335 1923 1365 1973 et
1387 1913 1425 1973 ab
1462 1905 1464 1908 ¹

310 2017 492 2076 auctoritate
516 2015 640 2095 quidem
662 2016 813 2094 scriptura
841 2035 922 2095 quae
946 2024 992 2076 111
1019 2008 1144 2089 φύλλοις
1172 2017 1271 2074 111111
1297 2015 1427 2074 inferior

311 2119 463 2178 duntaxat
485 2137 548 2176 non
571 2126 626 2189 est,
650 2117 676 2175 si
692 2116 817 2195 quidem
832 2109 970 2190 φύλλοισι
993 2118 1138 2196 scriptum
1160 2118 1236 2194 legit
1250 2117 1425 2191 scholiasta,

308 2222 440 2296 φλοιοῖσι
463 2219 501 2277 ab
523 2218 721 2277 Aristaeneto
745 2219 890 2297 scriptum
913 2216 1038 2298 quidem
1061 2238 1129 2278 esse
1157 2226 1271 2278 certum
1292 2217 1425 2293 videtur,

310 2323 422 2380 lectum
444 2341 508 2380 non
530 2321 605 2380 item
627 2327 749 2378 certum.
792 2338 899 2378 verum
926 2318 1008 2378 enim
1029 2320 1088 2379 hoc
1110 2340 1174 2379 non
1197 2339 1311 2398 premo.
1356 2340 1427 2379 nam

308 2422 465 2483 sententia
486 2421 617 2480 maxime
639 2441 687 2479 me
719 2429 823 2480 movet
849 2429 884 2479 nt
913 2411 1050 2494 φύλλοισι
1072 2421 1183 2480 malim.
1230 2423 1344 2480 etenim
1366 2423 1425 2481 usi·

309 2524 459 2583 tutissimo
482 2543 559 2583 sene
581 2542 664 2582 more
693 2521 853 2582 corticibus
881 2523 1008 2582 nomine
1035 2522 1244 2582 inscribebant
1267 2519 1425 2604 Gracci.²)

309 2645 345 2684 ac
371 2633 434 2684 tam
455 2623 582 2702 vulgare
610 2624 669 2683 hoc
698 2635 763 2682 1111
791 2632 822 2682 11
849 2624 944 2684 cuivis
973 2624 1055 2683 factu
1084 2624 1189 2698 facile,
1219 2632 1253 2683 ut
1280 2633 1332 2683 tuo
1360 2627 1426 2684 iure

309 2746 456 2807 quaeras:
481 2746 534 2785 cur
555 2726 683 2785 tandem
704 2725 872 2799 Acontius„
901 2727 926 2786 si
950 2724 1116 2804 Cydippae
1144 2745 1258 2785 nomen
1286 2725 1427 2786 arborum

242 2883 247 2891 .
308 2827 471 2888 corticibus
507 2827 695 2907 insculptum
730 2823 794 2905 legi
829 2828 943 2900 voluit,
988 2847 1052 2886 non
1095 2828 1258 2906 insculpsit
1296 2824 1424 2908 ipse?³)

309 2931 363 3009 qui
402 2930 429 2989 si
461 2930 558 2988 altero
598 2930 665 2988 loco
705 2929 848 2986 tacitam'
869 2937 988 2987 tantum
1024 2926 1164 2988 arborum
1201 2929 1426 2989 confessionem

308 3030 477 3090 modestius
506 3031 639 3108 expetit,
674 3030 768 3088 multo
802 3030 1038 3090 convenientius
1073 3039 1104 3090 et
1135 3031 1270 3109 pulcrius
1301 3032 1427 3109 fingitur

341 3287 344 3290 ·
376 3263 396 3329 ¹)
415 3264 491 3314 Idem
513 3263 600 3335 habet
626 3261 725 3313 Suidas
749 3262 837 3314 καλοί
858 3269 885 3314 11
911 3257 926 3316 ὁ
947 3263 1030 3317 δεῖνα
1052 3256 1152 3330 καλός,
1177 3267 1223 3330 qui
1244 3265 1332 3328 ipsum
1355 3265 1424 3314 illud

307 3348 441 3399 scholium
460 3349 600 3414 excripsit.

375 3431 395 3495 ²)
417 3431 459 3483 cf.
477 3432 684 3481 Boetticherum
701 3433 819 3483 Baumk.
837 3451 863 3498 p.
883 3436 915 3484 52
928 3450 978 3500 sq.,
996 3433 1151 3484 Beckerum
1164 3433 1287 3486 Charikl.
1301 3434 1352 3499 Ip.
1365 3436 1424 3486 351.

374 3513 395 3578 ³)
416 3514 509 3565 Sensit
526 3516 579 3566 hoc
596 3516 792 3581 Buttmannus,
812 3519 859 3582 qui
876 3519 944 3568 dicit
961 3519 979 3568 1.
1000 3535 1023 3569 c.
1042 3535 1068 3582 p.
1089 3519 1147 3566 126:
1174 3519 1237 3568 Dies
1259 3521 1333 3568 letztc
1352 3515 1423 3582 (scil.

306 3588 327 3664 ἢ
344 3599 461 3666 11111-
472 3594 574 3666 111λή1)
593 3602 627 3650 ist
640 3601 745 3664 [1111111
763 3604 827 3653 nocb
844 3603 978 3653 olbcrncr:
1001 3605 1067 3652 deno
1085 3619 1114 3651 11
1132 3603 1218 3666 durftc
1230 3604 1265 3665 ja
1283 3620 1332 3652 nar
1347 3603 1426 3653 selbst

306 3687 348 3735 dte
371 3685 463 3736 Worte
480 3686 666 3738 einscbnciden.
701 3680 774 3737 Doclt
791 3704 819 3738 11
838 3689 907 3738 batte
927 3688 1094 3738 Callimachus
1111 3689 1176 3738 anob
1191 3687 1306 3738 1111111111
1322 3688 1424 3754 91111111-

307 3775 343 3821 111
360 3786 384 3819 1.
404 3785 429 3835 q.
450 3785 471 3820 1.
501 3775 530 3820 at
548 3786 601 3835 quo
618 3770 697 3822 modo
714 3773 897 3822 Buttmannus
915 3771 1024 3822 differre
1042 3771 1111 3824 velit
1127 3771 1298 3824 Aristaeneti
1314 3779 1424 3824 senten·

306 3855 376 3904 tiam
394 3871 411 3904 a
429 3855 634 3919 Callimachea,
658 3861 689 3906 ut
711 3857 740 3906 in
760 3873 794 3907 ea
812 3873 877 3908 vere
896 3857 981 3907 fuerit
998 3857 1139 3922 φλοιοῖσι,
1161 3873 1216 3908 non
1235 3860 1325 3924 capio.
1361 3872 1424 3907 narn

307 3939 380 4005 apud
398 3939 601 3991 Callimachum
624 3955 731 4007 quoque
749 3941 883 3991 Acontius
901 3957 957 3991 non
975 3941 1132 4007 profitetur,
1157 3957 1187 3993 se
1206 3943 1262 3993 iam
1280 3942 1424 3993 arboribus

306 4024 501 4088 inscriptorum
516 4025 658 4091 Cydippae
677 4041 784 4076 nomen.
819 4027 937 4092 produnt
955 4032 1046 4077 autem
1065 4042 1187 4093 eaquae
1206 4033 1336 4079 secuntur
1346 4027 1425 4077 Butt-

306 4109 402 4158 manni
417 4110 517 4173 verba,
542 4125 603 4160 cum
622 4110 790 4162 scholiastae
809 4117 927 4162 mentem
947 4128 1003 4163 non
1021 4127 1083 4164 esse
1102 4117 1269 4164 assecutum.
1304 4116 1425 4162 ceterum

306 4194 347 4244 eis
365 4209 435 4259 quae
453 4208 537 4260 supra
552 4194 693 4261 disputavi
711 4202 841 4246 corruunt
854 4198 937 4246 ctiam
950 4196 1050 4248 Cobeti
1068 4198 1193 4260 crimina,
1214 4197 1261 4261 qui
1274 4199 1314 4245 ait
1325 4211 1424 4246 mncm.

305 4278 345 4328 IX
362 4295 388 4344 p.
403 4281 465 4330 152:
484 4280 593 4330 Poterat
609 4281 665 4345 ipse
680 4297 748 4345 puer
765 4297 810 4332 eos
828 4283 927 4332 litteras
945 4290 1083 4334 amatorum
1099 4297 1168 4332 ruore
1185 4282 1211 4330 in
1228 4279 1363 4331 corticibus
1380 4295 1423 4329 11-

305 4362 391 4413 borum
408 4363 556 4424 inscribere,
574 4367 622 4416 sed
635 4364 733 4430 flebiles
751 4369 869 4430 querelas
884 4367 996 4429 fundere
1013 4369 1108 4417 maluit.
