3284 5158
741 427 974 496 -122-

304 605 496 679 adventicia,
531 625 610 686 quae
642 606 724 670 filum
757 604 848 664 modo
883 613 995 686 poetae
1027 604 1218 688 praebuerit,
1254 625 1313 685 quo
1346 626 1418 666 usus

303 715 409 787 posset
431 723 478 765 res
499 710 700 766 diversissimos
721 712 748 765 in
770 712 888 781 spectem
909 712 991 766 unius
1012 712 1139 782 corporis
1160 711 1300 783 corripere,
1323 717 1357 768 ut
1379 707 1418 767 de

264 863 266 867 Α
304 807 418 870 Ovidio
441 808 730 888 metamorphoseon
754 817 876 868 auctore
900 809 943 868 ait
965 808 1185 887 Quintilianus.

388 909 488 988 Quam
511 909 593 968 enim
615 910 809 974 lustravimus
832 909 966 970 fabulam
988 909 1067 968 nihil
1088 908 1232 989 prohihet
1259 912 1419 990 quominus

304 1011 439 1070 dicamus
462 1012 759 1086 Romanensem,
789 1013 863 1071 licet
888 1011 1113 1090 simplicissima
1141 1012 1225 1070 illam
1254 1031 1290 1071 ac
1317 1033 1419 1090 paene

303 1113 374 1173 rudi
397 1113 494 1172 forma
524 1110 718 1191 descriptam.
764 1105 880 1193 quippe
909 1115 1081 1191 argumenti
1111 1133 1227 1174 summa
1256 1113 1334 1173 haec
1364 1123 1418 1188 est,

304 1222 337 1274 nt
359 1215 473 1274 amanti
495 1215 638 1292 iungatur
661 1223 769 1288 amata,
794 1217 948 1296 superatis
969 1233 1048 1294 quae
1065 1213 1275 1275 obiciebantur
1289 1215 1419 1295 impedi-

304 1317 425 1375 mentis.
458 1324 488 1374 et
504 1315 664 1376 consilium
679 1316 736 1375 hoc
754 1325 801 1376 est
822 1316 1017 1389 narrationis,
1041 1336 1156 1375 numen
1179 1319 1293 1376 amanti
1308 1317 1419 1377 adesse

304 1425 444 1497 paratum
472 1436 507 1476 ac
533 1417 756 1496 praevalidum.
809 1437 868 1477 nec
899 1416 999 1478 defuit
1026 1425 1171 1478 sensuum
1202 1427 1233 1476 ct
1260 1419 1420 1479 affectuum

304 1521 386 1579 inter
406 1539 493 1598 spem
508 1527 682 1598 metumque
704 1519 913 1579 fluctuantium
927 1519 1023 1578 fusior
1045 1538 1080 1578 ac
1102 1519 1227 1579 solutior
1243 1519 1419 1599 explicatio.

303 1620 400 1680 hahes
423 1621 463 1699 ni
478 1619 578 1694 fallor,
601 1620 634 1678 in
657 1620 766 1700 quibus
790 1622 967 1701 conspirent
988 1619 1151 1681 Heliodori
1173 1621 1275 1698 Longi
1289 1621 1420 1680 Achillis

304 1722 377 1781 Tati
400 1721 576 1782 Charitonis
599 1722 823 1802 Xenophontis
847 1723 1014 1783 amatoriae
1037 1721 1162 1782 fabulae
1190 1721 1328 1802 pedestri
1357 1742 1420 1782 ser-

304 1843 395 1883 mone
418 1824 620 1901 conscriptae.
654 1823 738 1903 apud
756 1823 975 1885 Callimachum
997 1824 1266 1911 praesenspollet
1282 1823 1421 1883 divorum

303 1927 351 1984 vis
374 1945 441 1984 cum
459 1923 564 1984 morbo
586 1933 635 1984 ter
651 1923 816 2004 Cydippae
837 1927 981 1998 immisso,
1004 1933 1069 1985 tum
1093 1944 1152 2004 quo
1175 1945 1246 1984 mox
1267 1933 1422 2004 tamquam

304 2030 371 2090 nodi
390 2029 492 2086 uindex
506 2025 622 2105 Apollo
637 2046 686 2086 res
703 2028 859 2106 componit
881 2027 1002 2086 oraculo
1027 2025 1121 2085 edito.
1152 2027 1332 2105 scriptorum
1346 2047 1420 2085 vero

304 2129 359 2187 illa
387 2128 494 2186 classis
522 2135 659 2186 amantes
687 2147 744 2206 per
771 2129 882 2206 longos
912 2147 1030 2187 errores
1058 2111 1206 2186 machinis
1240 2127 1422 2207 quibusdam

209 2257 211 2264 s
304 2227 517 2288 remotioribus
538 2230 669 2288 maxime
692 2229 818 2288 somniis
841 2229 929 2309 quasi
951 2229 1009 2288 filis
1033 2249 1052 2286 a
1073 2229 1200 2288 numine
1225 2229 1341 2288 eminus
1355 2230 1422 2308 regi

306 2331 424 2390 faciunt
446 2338 539 2409 atque
561 2328 735 2408 gubernari.

391 2431 496 2509 Quare
519 2451 585 2490 cum
606 2433 784 2490 universum
805 2431 864 2490 hoc
886 2430 1058 2490 fabularum
1081 2451 1178 2509 genus
1203 2430 1422 2492 Callimachum

305 2532 462 2592 videamus
487 2532 695 2612 aliquomodo
718 2533 898 2611 praeivisse,
922 2534 1088 2611 scriptores
1103 2534 1179 2592 istos
1195 2532 1421 2616 Callimacheae

306 2633 379 2694 artis
402 2634 504 2713 plura,
533 2635 665 2693 maxime
687 2635 771 2694 locos
795 2633 957 2714 quosdam¹
973 2654 1162 2706 communes,
1192 2633 1340 2693 imitando
1371 2631 1421 2694 ex·

305 2736 456 2815 pressisse
477 2737 544 2794 veri
560 2735 724 2795 admodum
746 2736 846 2795 simile
860 2734 1026 2794 videbitur.
1058 2735 1141 2815 quod
1163 2755 1197 2794 re
1219 2755 1294 2794 vera
1310 2737 1422 2794 lactum

306 2857 453 2898 essenos
477 2837 626 2916 exemplis
649 2856 705 2916 pro
727 2838 924 2917 reliquiarum
953 2837 1091 2896 exilitate
1119 2835 1262 2896 tenuibus
1297 2836 1421 2896 demon·

305 2947 403 2999 strare
426 2937 620 2998 conabamur.

391 3041 538 3119 Denique
561 3048 594 3099 ut
609 3059 653 3102 ‚eo
677 3021 828 3099 referatur
851 3049 988 3106 extrema
1017 3039 1184 3118 disputatio
1212 3039 1297 3099 unde
1325 3041 1423 3118 prima

307 3149 354 3200 est
377 3161 501 3214 exorsa,
532 3142 726 3220 oppositis
750 3142 966 3220 argumenti
995 3140 1186 3220 exquisiti
1210 3141 1422 3201 lenociniis

305 3243 470 3302 heroico
510 3243 687 3316 carmini,
720 3242 821 3322 quod
857 3243 1060 3322 popularis
1098 3253 1181 3302 erat
1214 3243 1417 3314 materiae,

306 3344 594 3424 praeformatas
624 3343 736 3402 vides
764 3344 995 3405 Graecorum
1027 3344 1183 3404 fabulas
1209 3345 1422 3402 Romanen-

306 3445 385 3506 scs.
416 3454 533 3525 atque
555 3445 661 3524 intqr
682 3452 882 3525 utramque
905 3454 1025 3504 artem
1045 3445 1207 3504 mediam
1228 3444 1341 3504 vides
1364 3445 1430 3503 in-'

281 3547 504 3616 ¹teriacere
529 3545 833 3605 Callimacheam
856 3547 918 3605 vel
940 3547 971 3606 si
992 3549 1049 3607 ita
1071 3547 1200 3606 dicere
1223 3545 1422 3605 licetAlc-

305 3646 748 3724 xandrinampelegiam
780 3667 879 3728 quae
909 3667 928 3708 a
956 3649 1081 3728 prisci
1110 3647 1212 3727 epici
1241 3647 1422 3706 carminis

305 3751 368 3810 via
390 3747 565 3808 fabulari
588 3747 783 3809 etiamtum
803 3759 917 3810 utens
939 3743 1111 3810 historia
1132 3749 1355 3808 declinarit
1375 3747 1423 3807 ad

306 3850 847 3932 scriptionesRomanenses.
924 3879 927 3886 ·
