3284 5158
711 453 920 519 ..91-

410 635 451 686 ter
472 631 541 687 mihi
560 633 616 687 iam
634 633 743 688 ueniens
759 633 872 704 positas
888 631 1113 704 Hymenaeus
1135 634 1173 689 ad
1194 645 1263 686 urus

458 733 532 806 sapit
552 738 581 788 et
602 748 618 788 e
640 732 756 803 thalami
775 735 866 788 limine
887 739 965 807 terqu
987 734 1075 801 dedit,

409 836 511 906 vixque
533 851 617 892 manu
634 837 720 907 ptyra
742 850 767 890 ε.
790 853 815 907 q.
828 848 863 905 s.

258 969 298 1009 en
327 969 407 1030 qnae
434 950 591 1028 sophistae
618 951 881 1010 halucinationum
909 971 1030 1012 suarum
1052 972 1159 1012 ansam
1181 953 1306 1014 dedisse
1329 956 1374 1014 vi-

259 1052 400 1111 deantur.
444 1071 516 1110 nem
538 1052 564 1110 si
588 1053 696 1112 eodem
719 1053 844 1112 artificio
867 1073 931 1112 non
954 1055 1043 1114 nimis
1065 1064 1196 1116 venusto
1219 1057 1280 1116 iam
1305 1057 1373 1116 Gal-

190 1139 201 1186 ’·
257 1154 404 1213 limachus
426 1174 498 1213 usus
521 1162 574 1227 est,
600 1175 691 1234 quam
712 1155 805 1216 valde
827 1154 1019 1234 probabilem
1039 1155 1141 1216 iudico
1158 1158 1373 1237 suspitionem,

257 1255 474 1316 Aristaenetus
496 1255 548 1315 vel
570 1257 732 1316 temerario
756 1254 931 1316 cumulandi
954 1254 1055 1316 studio
1074 1257 1221 1337 abreptus
1244 1260 1297 1318 vel
1313 1280 1373 1339 quo

256 1358 356 1416 locnm
379 1367 504 1436 pararet
525 1377 678 1438 purpureo
700 1358 746 1417 illi
769 1379 891 1438 panno,
921 1359 989 1418 dico
1009 1359 1236 1420 Philostrateae
1259 1361 1372 1440 phrasi,

258 1459 547 1537 epithalamium
574 1459 697 1519 videtur
727 1461 866 1520 effecisse
896 1480 934 1520 ex
955 1460 1181 1540 Hymenaeo
1206 1460 1373 1541 Cydippae

257 1561 539 1642 appropinquante.
584 1569 615 1621 et
638 1561 794 1621 commode
823 1560 948 1636 accidit,
985 1562 1068 1642 qnod
1089 1563 1218 1623 Nonni
1248 1563 1373 1643 quidam

256 1681 362 1722 versus
375 1660 654 1725 extantOvidianis
667 1663 705 1724 ab
717 1665 875 1724 sententia
885 1664 1067 1743 persimiles,
1079 1665 1247 1726 Dion.VII
1258 1674 1292 1727 52
1303 1684 1373 1745 sqq.

966 1770 1041 1840 itti
1062 1778 1113 1840 nul
1134 1769 1224 1854 αὐτὸς

407 1874 574 1960 νομφιδιὴν
596 1873 752 1960 ἀχόρευτος
765 1874 861 1962 Ἔρως
882 1875 1053 1942 ἀπεσείσατο
1075 1876 1192 1959 πεύκην

408 1983 600 2062 τερπωλῆς
622 1981 823 2062 χατέοντας
845 1972 1036 2045 ὀπιπεύων
1057 1975 1270 2063 ὑμεναίους.

257 2104 297 2163 cl.
320 2104 428 2164 Bionis
453 2105 525 2183 epit.
548 2103 653 2163 Adon.
676 2112 708 2167 87
733 2125 780 2185 sq.

407 2218 507 2299 ἔσβεσε
531 2217 669 2299 λαμπάδα
688 2222 789 2282 πᾶσαν
811 2219 859 2282 ἐπὶ
882 2226 982 2298 φλιαῖς
998 2212 1155 2306 ιὙμέναιος

407 2318 458 2382 καὶ
481 2319 585 2397 στέφος
607 2319 774 2396 ἕξεκέδασσε
796 2320 942 2404 γαμήλιον
966 2346 993 2386 e.
1017 2347 1047 2408 q.
1071 2347 1096 2386 s.

256 2449 349 2523 atque
372 2451 463 2521 auget
490 2443 685 2504 coniecturae
713 2445 819 2519 fidem,
851 2445 934 2525 quod
964 2446 996 2504 in
1026 2444 1135 2506 eadem
1164 2445 1373 2524 descriptione

256 2544 345 2624 plura
368 2543 498 2606 Ovidius
521 2544 629 2620 habet,
660 2567 740 2627 quae
765 2546 900 2608 Graecus
925 2554 1029 2608 auctor
1053 2546 1199 2608 obtulisse
1221 2546 1372 2607 videatur.

255 2666 327 2705 nam
349 2666 416 2707 cum
437 2665 530 2706 versu
553 2653 603 2709 172

458 2773 484 2824 ct
501 2767 570 2841 face
586 2786 644 2842 pra
666 2769 782 2825 thalami
799 2769 857 2842 fax
878 2768 945 2824 miti
965 2772 1063 2826 ruortis
1085 2769 1163 2824 adest

229 2957 231 2960 .
257 2885 399 2962 congruit
420 2885 530 2963 plane,
561 2885 622 2944 nisi
645 2885 729 2965 quod
750 2886 872 2964 figurati
894 2886 1045 2944 sermonis
1069 2893 1178 2944 ornatu
1201 2893 1292 2945 exuta
1316 2894 1371 2960 est,

256 2987 448 3047 Aristaeneti
477 2988 646 3048 sententia:
676 2983 727 3045 καὶ
754 2979 828 3066 πρὸς
856 2976 989 3064 ἐκφορὰν
1016 2977 1081 3043 ἀντὶ
1110 2984 1323 3064 νυμφαγωγίας
1344 2983 1378 3044 οἷ

255 3078 389 3158 τεκόντος
412 3079 525 3168 ἑώρων.
563 3109 691 3148 acumen
707 3098 808 3150 autem
822 3088 899 3149 ihud
915 3089 1080 3149 admodum
1094 3108 1151 3149 usu
1167 3100 1213 3149 est
1228 3089 1372 3169 frequen·
1465 3127 1469 3131 -

255 3198 360 3250 tatum.
395 3209 434 3250 ex
457 3191 578 3251 eroticis
601 3192 752 3251 nonnulla
767 3191 955 3251 adnotarunt
969 3191 1155 3271 interpretes
1170 3189 1372 3267 Aristaeneti,

257 3291 367 3372 quibus
391 3291 473 3351 eddo
496 3293 646 3352 Erinnam
669 3294 754 3352 anth.
777 3292 813 3352 P.
831 3294 894 3353 VII
914 3300 976 3367 711,
998 3293 1189 3370 Meleagrum
1211 3290 1287 3352 ibid.
1313 3302 1371 3366 182,

255 3392 425 3454 Antonium
447 3394 591 3454 Thallum
613 3394 679 3454 ibid
702 3404 770 3469 188,
793 3397 952 3455 Musaeum
974 3395 1014 3455 de
1035 3396 1111 3455 Her.
1135 3402 1201 3466 308,
1227 3391 1373 3454 Ovidium

257 3515 306 3576 ep.
329 3496 363 3555 11
388 3505 452 3570 120,
476 3496 547 3556 fast.
570 3497 604 3556 Π
626 3503 686 3571 561,
710 3497 905 3578 Propertium
927 3499 957 3557 V
978 3506 1003 3571 8,
1030 3503 1062 3557 13
1085 3516 1130 3576 sq.
1152 3495 1312 3578 ,denique
1336 3515 1374 3556 ea

258 3599 365 3671 etiam,
401 3616 481 3678 qnae
503 3618 533 3657 v.
558 3606 609 3661 170
631 3620 678 3679 sq.
702 3601 914 3673 continentur,
940 3598 1180 3660 Callimacheum
1202 3598 1269 3657 fere
1292 3599 1372 3659 colo·

256 3718 321 3779 rem
343 3701 491 3760 referunt.

338 3800 508 3881 Postquam
529 3803 622 3879 igitur
644 3810 788 3882 parentes
811 3803 872 3861 iam
894 3802 985 3862 funus
1008 3803 1108 3882 potius
1133 3821 1225 3880 quam
1247 3787 1371 3880 nuptias

257 3903 428 3980 cogitantes
456 3911 600 3983 suscepta
626 3903 805 3964 abiecerunt
827 3904 1001 3977 sollemnia,
1036 3902 1076 3961 de
1104 3902 1269 3981 improviso
1299 3922 1371 3961 con-

255 3995 385 4063 valescit
402 4003 558 4084 Cydippa.
588 4006 760 4085 iterumque
782 4005 934 4065 thalamus
958 4003 1166 4085 apparabatur
1182 3999 1369 4082 (ἐκοσμεῖτο),

257 4104 290 4164 id
319 4114 367 4166 est
394 4107 427 4164 in
456 4125 566 4165 recens
596 4115 733 4167 extructo
762 4107 895 4166 thalamo
910 4103 934 4184 ¹)
964 4107 1095 4186 genialis
1122 4115 1206 4168 torus
1240 4105 1371 4165 adorna·

255 4205 354 4266 batur.
398 4206 567 4286 Antipater
588 4210 673 4268 auth.
696 4210 732 4268 P.
755 4210 820 4270 VII
841 4217 903 4282 711,
930 4219 1005 4289 lsq.

323 4407 344 4473 ¹)
362 4409 394 4460 In
412 4409 573 4461 Theocritei
591 4409 754 4477 epithalami
773 4409 821 4475 (id,
838 4409 943 4477 XVIII)
962 4408 1055 4461 initio:
