3284 5158
223 717 285 766 xvu

749 414 960 478 -98..

385 591 424 650 In
446 598 507 650 tam
528 588 618 648 hilari
640 589 732 668 igitur
754 589 982 669 splendidaque
1005 609 1119 670 pompa

500 704 569 768 ουδὲ
590 697 648 785 βοὴ
669 702 800 786 κήρυκος
821 703 953 767 ἕλίνῦσεν
965 704 1002 785 ¹).

300 831 338 889 cf.
356 837 449 908 etym.
465 849 504 887 nr.
521 848 553 907 p.
568 837 629 902 330,
645 836 694 890 54:
713 819 860 902 ἐλινύειν,
882 815 1001 906 ἀργεῖν,
1023 819 1183 903 σχολάζειν.
1216 825 1416 903 Καλλίμαχος·

300 920 370 989 οὐδὲ
392 920 449 1007 βοή
472 950 498 990 c.
516 949 546 1009 q.
563 949 587 989 s.
612 928 747 1007 (Gallim.
771 929 829 1008 frg.
845 927 921 1007 ολδ).
966 949 1100 1011 namque
1116 929 1297 990 Plutarchus
1313 936 1417 988 narrat

301 1039 433 1112 quaestt.
463 1031 517 1094 Gr.
545 1051 570 1090 c.
593 1039 643 1094 27:
673 1024 722 1090 διὰ
749 1024 890 1110 κηρύκων
917 1019 973 1112 γὰρ
1001 1027 1073 1102 ἔθος
1099 1011 1138 1107 ἦν
1165 1021 1198 1089 τὸ
1226 1027 1418 1108 μετέρχεσθαι

299 1122 351 1204 aig
373 1124 502 1210 νύμφας.
534 1133 573 1192 cf.
594 1132 737 1192 Iahnium
760 1134 911 1193 archaeol.
928 1134 1032 1194 Aufss.
1056 1155 1086 1213 p.
1110 1142 1154 1197 94.
1188 1153 1224 1192 ac
1246 1133 1338 1192 facile
1359 1133 1418 1192 hoc

299 1237 400 1315 ipsum
422 1235 585 1314 praeconis
607 1255 717 1295 munus
739 1236 902 1315 respicitur
926 1255 975 1314 ep.
997 1236 1063 1295 XX
1085 1245 1152 1299 235:
1187 1254 1249 1294 cam
1271 1239 1326 1293 iam
1348 1237 1417 1290 data

299 1341 378 1412 signa
399 1339 542 1397 sonabant

385 1439 514 1498 Interim
535 1439 646 1515 longus
668 1438 801 1498 Acontio
831 1459 918 1498 sacer
946 1441 1120 1519 nuptiarum
1143 1438 1224 1514 dies,
1254 1447 1288 1498 ut
1314 1437 1417 1516 brevis

303 1538 418 1610 deinde
434 1560 506 1598 nox.
546 1539 668 1600 ethaeo
691 1540 816 1619 quidem
832 1540 1040 1601 Callimachea
1054 1541 1136 1602 haud
1154 1540 1245 1600 dubie
1261 1540 1419 1600 sententia

302 1650 358 1700 est.
396 1643 621 1721 comparaveris
644 1643 788 1733 Properti
810 1644 1009 1722 pulcerrimos
1031 1663 1138 1704 versus
1161 1645 1208 1705 IV
1229 1642 1287 1705 ‘lob
1311 1642 1376 1701 init.

453 1763 520 1819 Νοα
541 1763 608 1818 mihi
624 1765 719 1835 prima
741 1767 822 1834 verrit,
840 1767 952 1837 primae
973 1766 1037 1842 date
1059 1771 1186 1836 tempora
1209 1765 1306 1819 noetis.

504 1866 609 1936 λονμλαι
631 1867 659 1919 in
675 1867 782 1936 primo,
807 1866 902 1935 Lana,
925 1881 1037 1922 morare
1060 1870 1131 1922 toro.

454 1971 485 2022 λα
507 1981 622 2039 qaoque,
645 1969 693 2038 qai
712 1968 829 2024 aestivos
850 1969 1000 2038 spatiosius
1020 1968 1108 2038 arripis
1129 1969 1218 2038 ignee,

504 2067 621 2133 Phoebe,
645 2073 808 2124 moraturae
829 2068 965 2124 contrahe
987 2069 1057 2124 lacis
1078 2070 1138 2123 iter.

303 2202 393 2259 Tunc
407 2200 557 2259 Acontius
572 2199 678 2260 Midae
694 2196 767 2259 auro
791 2221 853 2259 non
877 2208 1092 2260 commutasset
1113 2195 1247 2280 puellam
1262 2219 1321 2258 nec
1336 2200 1420 2258 Tan-

303 2303 359 2362 tali
383 2301 505 2361 divitias
528 2300 749 2381 aequiparabat
770 2301 825 2360 illi.
861 2323 925 2361 non
948 2303 1104 2362 sententia
1125 2302 1358 2375 Aristaenetea‚
1390 2309 1422 2359 at

304 2405 475 2481 neglegens
499 2403 680 2463 elocutionis
703 2404 791 2477 ratio,
816 2423 876 2483 qua
897 2402 1032 2463 membra
1051 2405 1197 2464 orationis
1212 2405 1311 2462 minus
1328 2423 1419 2482 copu-

217 2575 225 2585 ,
303 2507 406 2564 lantur
435 2525 525 2587 quam
553 2505 638 2564 iuxta
665 2495 838 2585 ponuntur,
869 2513 903 2564 ut
930 2504 986 2564 tibi
1014 2507 1121 2584 legere
1148 2505 1284 2565 videaris
1311 2505 1421 2564 tironis

304 2607 565 2686 scriptiunculam,
597 2608 651 2687 qui
680 2627 810 2686 pensum
838 2608 955 2667 faciens
984 2627 1091 2667 versus
1120 2608 1253 2667 numeris
1276 2605 1420 2666 liberarit.

305 2717 336 2768 et
364 2709 464 2786 arguit
493 2706 614 2767 doctum
643 2717 768 2787 poetam
794 2709 900 2770 Midae
928 2710 1116 2790 Tantalique
1144 2710 1270 2768 mentio.
1315 2716 1422 2768 contra

304 2811 462 2890 sophistae
486 2831 542 2870 sua
564 2811 597 2869 ni
619 2811 710 2870 fallor
732 2811 912 2885 reddemus,
935 2810 988 2870 ubi
1010 2812 1275 2889 segregaverimus
1298 2818 1421 2870 senten·

304 2915 379 2972 tiam
410 2913 449 2972 de
476 2913 566 2972 trivio
596 2921 764 2991 arreptam:
795 2908 844 2970 aul
874 2904 1036 2988 σύμψηφοι
1057 2902 1164 2984 πάντες
1187 2908 1266 2989 ἐμοί,
1296 2901 1359 2969 ὅσοι
1381 2906 1422 2988 μὴ

305 3001 379 3072 καθ’
394 3003 481 3093 drea}
502 3012 562 3071 τῶν
585 3009 735 3090 ἐρωτικῶν
756 3004 900 3090 ἀμαθεῖς·
928 3002 981 3072 τὸν
1003 3002 1059 3092 μύρ
1081 3005 1243 3087 ἀνέραστον
1264 3000 1319 3071 cais
1342 3000 1423 3072 ιἰττει·

305 3106 357 3186 αός
378 3103 531 3186 ύιντίδοξον
552 3107 637 3173 εἶναι.
672 3118 843 3176 consimilia
865 3116 948 3197 quod
970 3117 1051 3195 fugit
1072 3119 1258 3196 interpretes
1280 3115 1424 3193 leguntur

306 3220 323 3279 I
348 3229 378 3280 15
401 3219 470 3277 init.
516 3207 615 3276 Οὐδὲν
638 3208 677 3288 ὣς
699 3212 810 3300 ἐγῷμαι
839 3210 1046 3292 πιθανώτερον
1074 3214 1207 3293 πέφυκεν
1234 3205 1300 3275 οὐδ’
1324 3207 1423 3274 ἆννσι-

306 3311 438 3396 μύτερον
461 3306 653 3394 Ἀφροδίτης·
687 3317 766 3376 ἴσασι
796 3314 827 3377 δὲ
856 3317 887 3377 οἱ
911 3315 1101 3396 βεβλημένοι·
1135 3315 1186 3377 καὶ
1214 3309 1326 3376 τούτων
1353 3307 1425 3394 ἡμῖν

307 3411 477 3496 ἆντλψηφος
499 3408 564 3477 οὐδ’
590 3412 641 3490 εἷς.
686 3441 722 3480 ac
744 3440 785 3480 ne
808 3423 925 3480 curavit
947 3421 1085 3503 quidem,
1113 3431 1147 3481 ut
1173 3423 1265 3480 istum
1293 3441 1424 3480 commu·

308 3543 379 3582 nem
405 3522 506 3581 locum
534 3521 574 3581 ad
602 3541 742 3601 eaquae
770 3523 962 3600 praecedunt
988 3522 1069 3582 bene
1099 3531 1230 3602 aptaret.
1265 3523 1315 3580 vel
1344 3523 1425 3582 enim

310 3632 490 3702 expectares
521 3624 567 3682 ‘et
589 3643 694 3684 omnes
716 3622 844 3683 habebit
869 3625 940 3684 ille
970 3621 1147 3703 (Acontius)
1178 3619 1424 3686 assensores'

308 3725 374 3798 vel,
400 3727 447 3784 ‘et
469 3723 635 3785 credent
657 3725 748 3785 mihi
772 3723 843 3803 (hoc
865 3724 1017 3804 narranti)
1042 3723 1169 3787 omnes.’
1206 3728 1311 3806 itaque
1334 3725 1360 3784 si
1383 3724 1423 3783 de

309 3928 510 3980 Callimachum
531 3918 605 3994 ύμὲν
627 3929 675 3993 pro
699 3917 819 3993 ύμὲναιε
844 3943 967 3994 apocopa
991 3927 1116 3978 adhibita
1139 3928 1265 3993 posuisse
1283 3927 1426 3977 tradentes

308 4017 440 4064 testatum
458 4013 539 4062 simul
558 4013 678 4071 faciunt,
698 4028 759 4063 eum
777 4003 851 4079 ύμὲν
870 4013 948 4063 brevi
966 4029 984 4063 ν
1001 4013 1136 4079 posuisse.

378 4097 398 4160 ¹)
416 4096 497 4150 Nullo
515 4101 598 4163 pacto
616 4098 758 4164 ambigere
776 4097 898 4148 debebat
909 4097 1033 4148 Naekiue
1046 4098 1115 4147 Hoc.
1127 4115 1153 4162 p.
1168 4099 1225 4160 262,
1246 4113 1310 4146 num
1323 4113 1340 4146 a
1352 4111 1427 4146 men-

310 4199 374 4233 sura
392 4187 469 4234 recte
488 4186 577 4232 staret
594 4182 675 4232 unice
695 4173 832 4236 ἒλίνοσεν.
870 4183 906 4235 cf.
926 4181 1035 4233 Gallim.
1054 4184 1083 4232 in
1102 4181 1164 4231 Cer.
1182 4183 1226 4232 48.
1263 4185 1360 4231 contra
1379 4181 1426 4229 du·

306 4268 367 4318 bito
391 4268 424 4318 de
446 4265 596 4319 Naelriana
619 4269 673 4332 lege
698 4266 802 4332 (opusc.
825 4267 839 4316 I
861 4283 887 4332 p.
907 4269 939 4318 57
950 4265 1003 4332 sq.)
1027 4269 1174 4317 citatorum
1198 4283 1215 4316 a
1237 4264 1427 4330 grammaticis

309 4353 535 4418 fragmentorum.
